3276 4444
663 78 667 112 l

344 187 419 284 48o
712 187 792 255 Dr
839 182 1170 254 Mnoonun
1495 175 1547 254 vl

346 325 391 394 tis
407 341 618 418 ,quanquam
635 335 758 390 terram
777 341 899 418 eorpus
919 341 987 390 non
1006 307 1557 392 admissumnobmeamueficia

348 443 475 494 verear.
501 425 687 514 Cantentur
696 443 759 518 pro
768 442 824 488 me
834 413 956 490 Psalmi
965 419 1213 516 quinquaginta
1228 413 1400 494 noctibus,
1410 420 1447 487 δι
1460 413 1558 488 Mis-

346 515 387 588 sae
406 517 615 588 celebrentur
637 516 784 588 totidem
802 513 935 588 diebus.
968 520 1092 590 Matris
1112 514 1320 600 voluntatem
1342 535 1558 612 exequuntur

347 616 464 695 liberi,
485 635 520 686 at
539 613 623 712 nihil
634 637 888 713 promoverunt.
912 617 1033 688 Primis
1044 611 1271 686 enimduabus
1281 611 1440 685 nostibus
1455 661 1466 694 ,
1479 639 1560 686 cum

347 714 545 785 clericorum
568 714 666 786 chori
684 710 832 787 Psalmos
854 733 1010 786 canerent
1030 717 1117 784 circa
1145 735 1268 810 corpus
1288 760 1301 793 ‚
1322 711 1499 785 daemones
1516 739 1559 784 o-

348 813 445 883 stium
463 813 584 911 templi
600 810 765 886 immenso
785 813 885 884 obice
906 809 1075 894 clausum,
1103 811 1324 908 levinegotio
1336 808 1563 913 confringen-

346 931 409 994 tes,
417 911 496 984 duas
506 933 671 984 extremas
681 913 788 986 thecae
807 897 965 983 funeralis
983 910 1177 1009 diruperunt
1186 931 1346 990 catenas,
1364 909 1485 987 modia
1505 937 1564 983 au·

347 1034 416 1082 tem
427 1008 600 1110 operosior
617 1011 795 1110 permanfit
816 1005 935 1082 illaesa.
961 1013 1079 1083 Tertia
1100 1009 1199 1104 noete
1221 1011 1313 1078 circa
1324 1008 1559 1108 gallicinium,

347 1110 484 1207 strepitu
503 1124 619 1182 eorum
631 1113 689 1207 qui
698 1111 784 1182 ostio
802 1108 1116 1210 appropinquabant
1128 1109 1254 1187 ‚totius
1271 1105 1478 1180 monasterii
1487 1106 1563 1180 fun-

347 1209 504 1281 damenta
522 1207 718 1282 videbantur
738 1208 873 1281 succuti.
897 1214 995 1280 Unus
1015 1225 1125 1278 autem
1159 1207 1294 1277 coeteris
1307 1207 1408 1278 vultu
1427 1208 1562 1280 terribi-

347 1307 429 1390 lior,
441 1315 478 1380 &
490 1307 611 1380 statura
629 1305 887 1404 celfior,januas
906 1307 1026 1404 majori
1046 1307 1170 1378 virtute
1184 1298 1320 1383 collisas
1331 1307 1369 1376 in
1388 1301 1493 1377 frusta
1501 1304 1560 1376 de-

347 1401 956 1508 jecitsnrrognntiustluefunuspetit':
979 1401 1230 1499 inclamatoque
1250 1425 1399 1476 mortuae
1411 1411 1561 1488 nomine,

349 1530 388 1577 ut
398 1503 548 1604 surgeret
558 1507 749 1604 imperavit.
774 1509 821 1578 Ea
832 1531 913 1575 mox
922 1501 1157 1602 respondente.
1184 1504 1558 1603 Nequeoobvinculn:

349 1605 511 1681 Solvlris,
523 1607 657 1700 inquit,
675 1609 713 1674 &
724 1603 815 1675 malo
824 1625 898 1675 tuo.
925 1601 1114 1698 Statimque
1127 1619 1305 1681 catenam,
1324 1627 1397 1698 quae
1409 1603 1560 1702 reliquo·

350 1727 425 1774 turn
438 1699 600 1772 ferociam
611 1698 766 1784 eluserat,
774 1702 866 1772 nullo
877 1703 1053 1774 conamine
1065 1700 1168 1773 veluti
1181 1698 1312 1797 stupam
1320 1697 1556 1802 instegit,tl1e-

348 1821 460 1897 corque
478 1795 638 1871 funeralis
648 1801 844 1897 operculum
854 1799 939 1898 pede
949 1797 1205 1897 derrulit‚&ap'
1231 1793 1365 1870 rehensa
1381 1823 1485 1868 manu
1519 1826 1560 1870 a·

348 1899 415 1969 lrlrn
436 1897 595 1970 omnibus
616 1922 692 1970 eam
701 1899 742 1970 a'd
752 1899 871 1998 templi
881 1891 971 1971 fores
982 1825 1245 2000 protraxitmli
1255 1899 1287 1966 in
1295 1898 1477 1994 procinstu
1509 1919 1551 1965 ε.

349 1995 407 2067 bat
417 2019 520 2093 equus
539 1999 636 2098 niger
646 1991 789 2101 superbe
799 1999 953 2070 hinniens
965 1993 1471 2096 ‚undiquaqueprominentibus
1480 2018 1552 2065 un-

346 2098 395 2167 tis
406 2091 519 2166 ferreis
533 2095 675 2194 :quibus
685 2095 841 2198 impolita
851 2093 983 2179 misera,
994 2095 1037 2168 ab
1047 2099 1253 2167 intuentium
1270 2093 1373 2166 oeulis
1383 2115 1461 2164 eum
1472 2095 1554 2164 uni-

348 2191 444 2266 verso
452 2197 614 2266 comitatu
625 2203 773 2269 evanuit.
785 2203 851 2294 Sup
876 2199 1082 2267 etiastamen
1090 2197 1218 2266 orantis
1228 2195 1394 2266 clamores
1415 2189 1559 2266 misera·

269 2341 272 2346 -
352 2291 436 2366 biles
446 2318 506 2394 per
516 2317 663 2394 quatuor
675 2293 745 2370 sere
758 2223 976 2369 audielnntur
987 2294 1149 2368 miliaria.
1339 2305 1354 2322 ·

350 2473 500 2590 Lomios
519 2473 688 2558 irretiris
708 2475 855 2586 noneffe
874 2475 1156 2558 mnumerandaes
1171 2505 1184 2556 .·
1201 2475 1292 2556 irem
1303 2467 1500 2578 derustodr'ae
1516 2480 1556 2558 8

369 2619 372 2624 ·
748 2587 1128 2691 carcerlsdtfirimt'nr:

763 2739 900 2808 Cnu.
959 2761 1121 2810 ,v111.

307 2867 313 2872 '
355 2867 639 3156 QUoniam
658 2873 740 2944 vero
760 2871 897 2962 Lamiae,
909 2874 1050 2968 quesita
1060 2893 1274 2969 nuncupant,
1294 2871 1374 2946 sunt
1392 2873 1463 2948 sexu
1481 2895 1558 2941 mu-

491 2963 656 3047 lierculae,
668 2965 888 3064 utplurimum
909 2969 1042 3053 vetule,
1054 2991 1169 3041 natura
1184 2972 1562 3054 mummolenum-

490 3065 533 3138 tis
553 3066 722 3162 impotes„
749 3069 896 3138 animum
917 3067 1043 3157 temere
1073 3065 1323 3166 despondentes
1345 3075 1503 3170 ,exigue
1521 3072 1571 3142 iu-

211 3172 332 3281 'Quonpo
350 3159 628 3242 Deumfidnciae,
647 3167 689 3237 iis
699 3167 791 3238 velut
799 3165 931 3238 idoneis
941 3171 1079 3266 organis
1098 3167 1261 3240 libentius
1279 3165 1314 3242 se
1338 3173 1497 3245 diabolus
1506 3167 1569 3242 nd-

99 3267 101 3272 '
209 3243 331 3363 lm*
348 3259 483 3358 jungit,
505 3284 544 3331 ac
564 3267 754 3432 promptius
766 3263 931 3348 infinum,
951 3286 1110 3338 utearum
1120 3287 1249 3338 mentes
1268 3274 1374 3350 variis
1387 3269 1572 3346 conturbet

210 3365 331 3472 mim
349 3353 489 3428 formis:
513 3384 654 3456 quarum
684 3361 828 3435 udibriis
847 3359 1048 3438 effascinare
1069 3417 1077 3447 ,
1102 3361 1136 3436 se
1155 3363 1489 3444 feciffeexillimant
1503 3370 1575 3452 ,le-

209 3438 304 3552 ᾗῇ...
347 3477 526 3554 tenturque
535 3457 571 3529 id
583 3457 676 3557 quod
687 3460 729 3532 ab
740 3461 818 3559 iplis
828 3457 894 3557 fuit
904 3463 1147 3536 alienissimum.
1174 3467 1366 3542 Enimvero
1391 3467 1576 3571 fiperspi-

347 3557 476 3628 crciori
496 3563 616 3632 mentis
636 3561 707 3630 acie
729 3585 800 3632 rem
820 3585 957 3652 ornnem
977 3563 1017 3636 ad
1038 3588 1191 3636 normam
1211 3568 1331 3668 exigas
1351 3592 1485 3642 eorum
1505 3593 1579 3670 qna

348 3655 579 3731 Nemone&
593 3661 648 3758 agi
659 3654 806 3757 possunt,
824 3667 860 3732 δι
881 3683 1047 3763 aguntur,
1066 3688 1104 3735 uc
1124 3687 1197 3761 quoe
1212 3661 1255 3733 ab
1279 3668 1518 3750 hominibus,
1539 3669 1576 3738 il·

345 3753 409 3827 lius
423 3779 525 3854 opera
546 3781 584 3832 nc
601 3757 826 3832 instrumentis
839 3761 1021 3859 propolitis
1042 3763 1160 3860 perfici
1181 3761 1367 3838 creduntur
1380 3773 1423 3840 :l
1442 3769 1577 3842 daemo·

209 3867 322 3917 ucetica
347 3855 427 3934 nio,
448 3855 610 3954 quicquid
629 3856 664 3928 id
675 3858 745 3939 est,
765 3855 975 3960 designatum
985 3857 1055 3932 esse
1066 3863 1273 3960 comperies.
1298 3869 1369 3941 Vix
1391 3870 1579 3967 itaqueiu·

209 3945 268 3990 '⁸¹¹'
346 3951 475 4035 ducor,
500 3975 536 4026 ut
555 3979 609 4029 eas
622 3958 657 4028 in
676 3955 911 4032 ltaereticorum
933 3969 1069 4032 numero
1091 3960 1262 4034 collocare
1273 3963 1416 4038 audeam
1429 3992 1443 4038 r·
1466 3988 1576 4064 quum

1505 4063 1576 4132 hoc
