3238 4432
413 97 958 228 velaturam:
1187 163 1281 262 ἐμ

85 275 322 364 duodecimus,
340 275 401 352 ubi
408 278 450 352 ad
468 276 597 378 regiam
614 276 820 378 dignitatem
835 278 910 380 post
926 279 1094 356 Catolum
1111 285 1279 366 oslavum

82 379 148 456 sine
163 379 282 454 liberis
301 402 474 454 mortuum
492 378 672 479 pervenit,
691 404 810 454 omnes
826 382 886 482 qui
904 383 983 456 ante
998 383 1035 454 in
1051 385 1150 458 illum
1166 375 1281 467 hostili

80 477 214 556 fuerant
230 481 362 566 animo,
382 477 615 581 benignissime
632 476 788 578 suscepit.
816 483 1014 575 Qinetiam
1033 486 1214 561 Aurelium
1232 491 1281 563 ci-

79 608 182 668 vem,
214 608 315 682 quem
335 583 538 656 acerrimum
556 603 655 653 antea
671 579 799 654 hostem
822 577 950 681 semper
967 581 1078 659 fuerat
1095 611 1276 686 expertus,
1333 623 1338 632 ·

80 679 480 783 quunrifamiliariffimo
499 677 657 772 sunbona
672 679 764 754 illius
774 705 994 781 peterentur,
1012 685 1278 780 adseaccitum,
1362 729 1367 736 ·

78 780 225 882 hospitio
241 784 436 882 regiocitra
453 781 557 854 ullam
572 778 859 856 excandescentia
876 807 993 857 notam
1002 789 1137 884 excepit
1158 817 1166 859 :
1186 789 1279 863 insu·
1339 834 1344 846 ·

77 882 711 984 perseomniuminjuriarumoblitum
726 879 1280 983 fatetur,quasipsrinvexiffet,&
1336 887 1340 893 ¹

76 983 218 1060 seillum
228 984 264 1054 in
274 979 643 1080 posterumamiciffrmi
653 980 729 1053 loco
739 982 1135 1082 habiturumpollicetur.

126 1085 147 1185 §
176 1087 235 1178 84.
262 1078 458 1181 Alphonsus
468 1085 551 1156 item
561 1089 777 1180 Arragonum
787 1108 861 1169 rex,
872 1105 971 1181 capto
982 1085 1126 1184 Arpario
1136 1089 1277 1186 oppido,
1291 1085 1394 1149 Μ’·

77 1183 256 1257 Marinum
266 1177 795 1270 Boffamhosteminfestiffimum
811 1184 952 1268 nasius,
971 1184 1008 1254 in
1019 1183 1115 1280 cujus
1132 1211 1278 1262 mortem
1286 1150 1407 1264 iiim

76 1281 257 1354 universus
274 1279 383 1355 ferme
398 1280 557 1356 exersrtus
575 1281 792 1378 conjurarat,
809 1282 917 1356 eum'a
935 1276 1051 1356 furore
1062 1285 1281 1361 militumde-

76 1377 209 1468 fendit,
220 1389 333 1455 &non
342 1382 477 1454 tantiam
487 1381 650 1478 benajam
666 1381 814 1457 liberato
831 1381 995 1467 restituit,
1029 1382 1127 1456 sed&
1143 1385 1179 1456 in
1189 1383 1282 1460 sena·

77 1502 195 1554 totum
210 1482 367 1554 ordinem
379 1485 532 1582 accepit,
549 1503 650 1581 atque
666 1480 768 1580 ipfius
787 1481 876 1555 filios
888 1483 925 1553 in
941 1483 1131 1556 aulicorum
1142 1481 1282 1559 suorum

77 1605 223 1656 numero
231 1576 297 1654 effe
306 1580 432 1655 voluit.
459 1583 554 1654 Idem
574 1607 652 1654 cnm
662 1582 698 1652 in
715 1579 1054 1684 obfidioneStephati
1064 1584 1281 1660 centuriones

1 1680 2 1685 ’
51 1725 67 1748 ··
75 1706 117 1754 ac
125 1683 252 1756 milites
291 1683 327 1755 ui
344 1681 590 1756 maledixerunt
606 1682 701 1782 regi,
720 1681 795 1780 post
803 1705 935 1781 captam
952 1683 1071 1756 urbem
1091 1684 1278 1760 clementer

76 1709 301 1868 trastaffetii
319 1779 643 1880 suiareprehensus,
671 1781 763 1881 qubd
783 1807 893 1854 morte
916 1783 1125 1856 damnandos
1140 1783 1275 1879 judica·
1369 1859 1372 1866 ,

77 1905 178 1970 rent,
190 1880 364 1982 respondit
391 1912 399 1954 ε
428 1885 469 1954 Se
478 1881 579 1954 malle
595 1905 637 1955 ex
647 1881 829 1956 clementia
846 1890 879 1954 dt
897 1882 1108 1957 humanitate
1118 1907 1199 1984 erga
1210 1885 1272 1958 ho·
1286 1872 1410 1984 ξὝῘ·

54 1974 160 2068 dea,
181 1981 635 2084 quimexvid'torialaudem
646 1979 817 2080 consequi.
845 1986 891 2054 Et
900 2003 991 2056 certe
1001 1985 1142 2056 eandem
1154 2009 1196 2056 ex
1206 1977 1272 2060 Dei
1285 1953 1396 2072 niliaci,

69 2077 162 2174 justo
174 2083 307 2179 judicio
325 2079 423 2154 sensrt
440 2081 496 2152 hic
512 2082 659 2180 gratiam
676 2081 766 2176 apud
783 2078 936 2170 hostem,
952 2084 1086 2184 qualem
1103 2083 1271 2180 praestitit.
1285 2071 1408 2182 ml

74 2181 171 2252 Nam
181 2207 288 2280 quum
303 2181 393 2277 apud
403 2179 563 2274 Gajetam
573 2177 685 2250 navali
701 2177 962 2276 praliovidlut,
990 2183 1025 2252 in
1035 2183 1186 2283 Philippi
1196 2187 1274 2258 Ma·
1286 2123 1407 2294 dewi·

74 2279 137 2351 riae
147 2276 519 2352 Mediolanenlisducis
535 2275 737 2376 potestatem
747 2275 910 2367 venisset,
938 2304 1006 2356 non
1017 2304 1054 2355 ut
1064 2307 1102 2355 ca
1127 2256 1406 2368 tivusestm⁸

73 2375 212 2451 habitus
242 2407 252 2451 t
278 2375 332 2450 sed
349 2372 461 2464 festis,
487 2377 577 2450 ludis
597 2376 836 2477 conviviisque
853 2379 1059 2467 honoratus,
1114 2403 1155 2453 ne
1165 2385 1277 2480 pretio
1290 2377 1337 2416 ‘'¹''
1464 2381 1478 2394 ’

73 2475 232 2553 dimissus
241 2475 298 2551 est.
324 2479 396 2550 Hic
413 2485 448 2549 δε
465 2477 707 2551 canibusiratis
724 2487 763 2549 ac'
783 2477 1030 2552 oblatrantibus
1054 2475 1196 2552 offulam
1213 2481 1278 2557 effe

72 2579 308 2675 objiciendam
329 2577 441 2650 dicere
450 2577 566 2651 solitus
577 2577 647 2650 est:
672 2579 840 2664 innuens,
867 2578 1021 2650 homines
1040 2577 1277 2672 malevolos&

74 2681 127 2749 ira
146 2675 322 2750 succensos
346 2677 635 2752 benevolentia&
662 2677 889 2775 placabilitate
906 2679 1177 2753 reconciliandos
1197 2679 1273 2756 effe.

73 2775 399 2852 Proindeloannem
409 2782 569 2861 Fortem,
596 2779 677 2877 quii
702 2781 774 2849 sum
785 2775 912 2878 ubique
927 2779 1081 2850 locorum
1091 2779 1275 2854 calumnia-

74 2901 130 2950 tus
150 2879 286 2963 luerat,
314 2877 431 2976 inopia
448 2873 592 2976 pressum
609 2879 651 2949 ad
672 2803 703 2950 si
720 2878 881 2962 vocavit,
912 2877 1155 2979 viaticoque&
1173 2907 1276 2978 pecu·

73 2975 234 3075 niajuvit
251 3001 294 3052 ac
308 2975 456 3063 dimisit,
483 2977 623 3060 minime
639 2976 713 3070 ejus
730 2977 976 3050 maledicentiae
995 2999 1135 3051 memor.
1163 2981 1275 3056 Simili

73 3075 282 3157 liberalitate
298 3084 332 3150 δι
351 3073 575 3150 beneficentia
593 3073 670 3149 usus
689 3101 768 3176 erga
789 3077 958 3177 quendam
985 3078 1134 3176 equitem
1152 3079 1275 3179 Hispa·

74 3205 181 3264 num,
208 3179 268 3279 qui
284 3171 376 3276 apud
392 3201 488 3278 teges
515 3177 755 3250 Occidentales
782 3173 945 3273 Alphonsr
964 3199 1088 3248 nornen
1115 3185 1148 3251 δι
1165 3179 1274 3256 vit'am

74 3281 194 3354 multia
203 3278 385 3356 calumniis
395 3275 510 3377 pallir'n
529 3285 564 3352 &
582 3277 694 3375 pesam
713 3273 922 3375 prosciderat
951 3305 959 3347 ε
988 3279 1123 3351 tandem
1135 3285 1221 3354 verb
1231 3281 1282 3370 ad,

25 3409 32 3422 ·
77 3378 293 3476 Alphonsunr
310 3378 466 3462 rediens,
494 3377 751 3475 perhumaniter
776 3381 810 3447 ὅ(
829 3376 976 3476 benigne
991 3401 1174 3477 exceptus,
1204 3404 1274 3448 non

77 3479 164 3548 raris
182 3477 383 3552 eli-ornatus
410 3475 596 3552 beneficiis.
625 3479 741 3570 Qum
766 3477 868 3548 etiam
887 3475 1124 3560 intellexisset,
1154 3476 1273 3547 Alber-
1359 3543 1361 3548 ,

78 3599 154 3649 turn
166 3577 455 3676 Orlandumapud
475 3573 585 3677 ipsum
603 3574 785 3650 diutissime
805 3577 1054 3674 exploratorem
1066 3599 1166 3672 agere
1178 3625 1189 3659 ,
1202 3601 1270 3648 non

77 3675 187 3750 modo
198 3675 358 3764 nondsua
379 3676 586 3772 ejecitaula,
607 3676 663 3750 sed
674 3675 831 3750 salarium
848 3677 899 3748 illi
915 3669 1066 3748 annuum
1076 3673 1168 3749 ultro
1185 3703 1272 3779 quo-

76 3775 705 3876 queconstituit,seclusoomnianimi
717 3803 869 3851 rancore.
1173 3796 1180 3803 '
1270 3785 1271 3792 ’

129 3880 150 3978 §
181 3877 241 3970 85.
269 3877 394 3950 Veneti
405 3879 613 3977 insupethoc
623 3881 761 3953 nomine
771 3877 857 3951 mite
875 3875 1177 3980 celebrantut,qui
1187 3877 1273 3948 Cre·
1287 3879 1373 3934 venti.

76 3977 226 4054 rensibus
243 3974 330 4081 saepe
353 3976 590 4056 rebellantibus
615 3979 801 4058 clementer
816 3979 1028 4078 ignoverunt
1064 4007 1073 4055 t
1111 3975 1274 4153 querqad-
1323 4041 1326 4048 .

656 4115 659 4118 ·
714 4083 869 4152 Ooooo
1132 4101 1190 4152 mo
1216 4101 1274 4150 um
