3198 4422
337 177 414 257 766
567 171 669 240 Dc
767 119 1274 259 Jnj'utt11s

339 300 549 374 motionibus
569 290 870 392 vexationibusque
887 287 1172 364 intolerabilibus
1191 293 1331 362 mirum
1341 291 1378 362 in
1395 289 1530 364 modum

337 397 371 472 se
380 399 543 498 torqueri,
554 395 708 468 dolenter
719 390 897 466 referebat.
914 391 1041 463 Eduxit
1052 389 1277 461 admirandae
1290 391 1525 490 magnimdinis

341 522 467 570 tumes
487 519 587 594 atque
598 490 766 593 serpentes
775 517 819 564 ex
828 492 932 564 latere
950 491 1090 562 circiter
1100 510 1251 560 centum
1273 493 1513 591 quinquaginta,

341 589 823 668 utmiraculofidemfaceret(
985 653 990 660 .

390 701 420 782 §·
451 718 509 786 39·
536 696 604 768 Rei
624 695 730 791 igitur
750 687 908 762 inauditae
925 709 1040 758 tumor
1059 709 1171 784 quum
1194 709 1275 756 non
1287 687 1386 758 modo
1391 713 1458 786 per
1473 713 1522 758 nt·

341 791 419 864 bem
432 797 470 866 ἃ
482 792 558 863 loca
569 793 702 871 vicina,
726 787 893 861 sedetiam
905 810 963 881 pet
973 805 1085 856 totam
1095 781 1173 856 sere
1184 788 1399 858 Germaniam
1409 790 1525 858 incre-

341 887 485 970 buiffet,
505 889 549 962 ab
567 891 691 961 exteris
713 887 866 987 quotidie
885 883 1139 956 confluentibus
1159 883 1217 956 ob
1237 885 1449 987 prodigium,
1474 893 1520 958 dc

341 985 636 1064 commiseratione
646 983 778 1060 asseclis
798 1003 888 1058 tanta
899 983 1044 1080 virginis
1064 981 1163 1052 mole
1185 981 1385 1084 conspe&²
1397 983 1512 1080 amplis

342 1083 639 1187 frequentibusque
657 1086 703 1156 est
713 1087 818 1158 ditata
827 1081 1034 1154 muneribus.
1082 1079 1291 1156 Consilium
1312 1081 1504 1156 dmedidt&

277 1180 281 1190 ’
345 1189 514 1288 chirurgia
534 1183 726 1286 quaesitum:
758 1183 809 1258 Ad
827 1206 900 1253 eam
920 1204 1056 1278 quoque
1068 1179 1197 1254 Caroli
1220 1187 1509 1282 quintiltnpttato·

347 1292 392 1360 ris
406 1297 443 1362 δι
457 1285 657 1362 Ferdinandi
677 1291 829 1356 Romu
857 1284 882 1352 is
901 1278 1024 1349 medici
1035 1303 1115 1350 curn
1126 1277 1273 1378 aliquot
1293 1281 1515 1354 nobilibusao

346 1381 492 1468 cessere,
516 1389 574 1482 qui
594 1405 706 1458 tamen
724 1383 810 1456 nihil
828 1308 1079 1477 deprehendere
1100 1375 1175 1449 suci
1198 1399 1360 1477 potuere.
1408 1387 1522 1455 Verum

347 1485 407 1558 ubi
423 1489 491 1584 jam
505 1486 638 1556 circiter
648 1481 902 1579 quadriennium
913 1477 1009 1574 hujus
1029 1477 1220 1576 tragoediae
1231 1473 1522 1580 spediaculumdu·

348 1581 469 1664 tallet,
488 1609 527 1654 ac
536 1584 670 1654 dolores
680 1579 811 1652 intendi
820 1573 1158 1658 indiesvidetentur,
1176 1578 1402 1679 magistratus
1424 1583 1437 1674 s
1444 1603 1514 1648 uum

350 1677 664 1759 commiseratione,
683 1703 724 1747 an
734 1677 859 1750 sinislra
869 1671 1056 1772 suspicione
1075 1697 1216 1756 motus,
1232 1701 1290 1748 me
1300 1677 1414 1768 latet)
1437 1679 1513 1750 att't·

350 1783 393 1849 tis
406 1777 524 1876 puella:
543 1775 737 1873 parentibus
758 1771 969 1855 sciscitatur,
987 1797 1068 1844 num
1087 1799 1132 1845 ex
1153 1775 1362 1846 medicorum
1381 1775 1519 1850 confillo

348 1875 455 1946 liliam
466 1869 610 1945 senione
621 1875 746 1946 ventris
759 1879 778 1942 “a
789 1895 859 1942 tam
870 1870 953 1942 ditis
964 1873 1173 1946 cruciatibus
1182 1871 1321 1943 liberari
1330 1885 1521 1970 cuperent?

349 1975 580 2070 Culpatetvir
600 1970 706 2042 bonus
729 1973 936 2042 acinnocens
948 1967 1146 2070 respondit,
1164 1971 1262 2041 filiurn
1274 1969 1400 2041 diviua:
1408 1969 1513 2040 boni-

227 2136 236 2160 ,
312 2069 314 2075 ’
349 2075 413 2144 tati
427 2079 464 2144 &
478 2071 642 2171 legitimis
653 2068 863 2142 medicorum
874 2067 1032 2142 remediis
1045 2065 1321 2142 committendam.
1337 2069 1506 2139 nromni-

349 2167 411 2242 bus
423 2170 531 2242 modis
543 2163 1040 2249 testititmatermaliconscia,
1060 2170 1208 2243 divinam
1217 2165 1512 2240 ultionemlllitni-

350 2273 471 2350 nitate,
484 2268 506 2340 st
520 2268 590 2342 filia
602 2269 711 2342 adhuc
716 2269 893 2367 juvencula
904 2289 1113 2340 enecaretur.
1132 2268 1186 2342 nd
1195 2293 1294 2366 quam
1304 2271 1408 2339 etiam
1418 2263 1512 2348 mlffi,

351 2371 410 2470 qui
421 2367 641 2446 admonerent
653 2419 663 2450 ,
677 2393 751 2440 eam
762 2365 988 2465 sepenumero
999 2367 1214 2444 medicorum
1234 2365 1429 2441 desiderasse
1437 2389 1508 2462 ορε-

354 2493 447 2543 ram:
472 2471 545 2542 Hos
557 2465 783 2552 nuncadelse,
807 2487 843 2538 ut
863 2464 976 2538 morbi
996 2465 1255 2538 inclementiam
1275 2465 1504 2565 quibuscunque

353 2567 465 2640 modis
475 2564 624 2666 auspicio
641 2567 773 2648 divino,
784 2587 840 2636 aut
851 2563 1019 2645 tollerent,
1036 2588 1195 2637 autcerte
1207 2567 1359 2638 lenirent.
1391 2573 1508 2638 Verum

355 2663 413 2738 illa
426 2675 444 2734 a
455 2687 561 2736 matre
571 2663 732 2743 instituta,
745 2657 966 2762 respondit,se
977 2663 1135 2736 morbum
1148 2673 1187 2739 &
1200 2661 1515 2742 crucemlDeustbi

353 2757 569 2859 impositam,
586 2761 751 2836 exdivina
764 2765 874 2863 gratia
894 2763 965 2858 pati
986 2761 1174 2835 constantia
1194 2767 1283 2838 citra
1302 2767 1405 2838 ullam
1424 2764 1516 2836 medl-
1591 2747 1594 2804 1

354 2883 473 3030 slsum
491 2887 592 2959 opem
612 2861 750 2932 laturam
774 2909 785 2944 ‚
812 2885 877 2958 qua
890 2865 960 2959 jam
980 2861 1242 2957 quadriennium
1265 2863 1402 2938 fortiter
1414 2885 1508 2964 ρεπυ-
1591 2877 1594 3008 q

368 2979 451 3028 tet.

406 3069 423 3132 §
451 3075 514 3154 40.
535 3063 700 3133 Caeterum
713 3060 935 3159 magistratus,
947 3081 1085 3157 accepta
1097 3065 1205 3158 patris
1217 3061 1503 3164 responfionuDO·
1592 3029 1593 3060 1

357 3158 444 3228 &ori
456 3156 637 3232 medico&
658 3159 766 3230 tribus
777 3159 946 3259 chirurgia
957 3183 1032 3228 cum
1044 3159 1252 3245 obstetrice,
1277 3160 1504 3262 utpuellaren·

356 3275 442 3326 trem
453 3256 598 3327 sedtiune
609 3259 1023 3355 tententexaminentque‚
1047 3253 1136 3330 serio
1156 3263 1314 3336 mandat.
1357 3264 1458 3352 Quare
1473 3252 1509 3324 bi

358 3349 451 3427 disto
460 3349 633 3436 obsecuti,
652 3353 912 3454 cubiculumque
930 3357 964 3426 in
993 3351 1083 3438 resst,
1106 3359 1228 3455 puellae
1249 3361 1387 3434 tumida
1403 3350 1514 3428 lesciis-

360 3476 424 3551 que
435 3451 545 3525 linteis
564 3453 704 3550 ligatae,
723 3454 950 3536 acclamanti,
966 3382 1148 3526 detraxere
1163 3465 1342 3560 tegmina:
1366 3467 1512 3554 Ferroqut

360 3550 540 3634 adhibito,
559 3575 708 3625 ventrem
730 3555 817 3624 mito
838 3553 984 3624 artificio
1003 3551 1210 3626 fabricatum
1223 3583 1302 3630 cum
1320 3563 1424 3630 variis
1442 3577 1512 3628 arne

361 3647 448 3731 bus,
476 3651 597 3752 quibus
618 3653 740 3724 ventris
765 3649 952 3728 rotunditas
977 3647 1263 3738 conservabatur,
1290 3665 1326 3732 δι
1349 3653 1513 3756 pulvinati·

262 3788 264 3792 .
361 3743 1338 3849 busacreliqualevimateriasuffultumdeprehenderunt.
1388 3759 1509 3846 Hotpn

360 3841 573 3924 obstetricem
593 3847 765 3932 detracto,
788 3849 941 3947 apparuit
959 3848 1071 3948 puella
1089 3860 1236 3928 omniuo
1256 3855 1372 3940 nuda,
1395 3867 1502 3944 corpote
1586 3905 1590 4000 1

1403 3967 1500 4048 optime
1588 4001 1589 4008 ,
