<?xml version="1.0" encoding="UTF-8"?>
<!DOCTYPE html PUBLIC "-//W3C//DTD XHTML 1.0 Transitional//EN"
    "http://www.w3.org/TR/xhtml1/DTD/xhtml1-transitional.dtd">
<html xmlns="http://www.w3.org/1999/xhtml" xml:lang="en" lang="en">
 <head>
  <title>
</title>
<meta http-equiv="Content-Type" content="text/html;charset=utf-8" />
  <meta name='ocr-system' content='tesseract 3.04.00' />
  <meta name='ocr-capabilities' content='ocr_page ocr_carea ocr_par ocr_line ocrx_word'/>
</head>
<body>
  <div class='ocr_page' id='page_1' title='image "./ioanniswieriope00weyegoog/ioanniswieriope00weyegoog_0538.png"; bbox 0 0 3276 4444; ppageno 0'>
   <div class='ocr_carea' id='block_1_1' title="bbox 357 123 1587 242">
    <p class='ocr_par' dir='ltr' id='par_1_1' title="bbox 357 123 1587 242">
     <span class='ocr_line' id='line_1_1' title="bbox 357 123 1587 242; baseline -0.012 -26"><span class='ocrx_word' id='word_1_1' title='bbox 357 146 431 242; x_wconf 82' lang='lat'>498</span> <span class='ocrx_word' id='word_1_2' title='bbox 726 142 808 210; x_wconf 81' lang='lat' dir='ltr'>Dr</span> <span class='ocrx_word' id='word_1_3' title='bbox 859 139 1200 210; x_wconf 76' lang='lat' dir='ltr'>Mnoonnrt</span> <span class='ocrx_word' id='word_1_4' title='bbox 1528 123 1587 206; x_wconf 71' lang='lat' dir='ltr'>vt</span> 
     </span>
    </p>
   </div>
   <div class='ocr_carea' id='block_1_2' title="bbox 220 264 1623 4126">
    <p class='ocr_par' dir='ltr' id='par_1_2' title="bbox 220 264 1591 575">
     <span class='ocr_line' id='line_1_2' title="bbox 261 264 1591 381; baseline -0.011 -25"><span class='ocrx_word' id='word_1_5' title='bbox 261 307 266 316; x_wconf 92' lang='lat'>·</span> <span class='ocrx_word' id='word_1_6' title='bbox 359 279 537 381; x_wconf 71' lang='lat' dir='ltr'>praecipuis</span> <span class='ocrx_word' id='word_1_7' title='bbox 548 273 718 375; x_wconf 83' lang='lat' dir='ltr'>capitibus</span> <span class='ocrx_word' id='word_1_8' title='bbox 729 275 865 347; x_wconf 85' lang='lat' dir='ltr'>veritati</span> <span class='ocrx_word' id='word_1_9' title='bbox 875 271 972 344; x_wconf 84' lang='lat' dir='ltr'>clarae</span> <span class='ocrx_word' id='word_1_10' title='bbox 982 269 1145 346; x_wconf 85' lang='lat' dir='ltr'>adversari</span> <span class='ocrx_word' id='word_1_11' title='bbox 1159 297 1167 345; x_wconf 90' lang='lat'><strong>:</strong></span> <span class='ocrx_word' id='word_1_12' title='bbox 1182 277 1222 345; x_wconf 74' lang='grc' dir='ltr'>δι</span> <span class='ocrx_word' id='word_1_13' title='bbox 1235 264 1456 370; x_wconf 85' lang='lat' dir='ltr'>proindenon</span> <span class='ocrx_word' id='word_1_14' title='bbox 1467 267 1591 342; x_wconf 88' lang='lat' dir='ltr'>modo</span> 
     </span>
     <span class='ocr_line' id='line_1_3' title="bbox 220 365 1591 474; baseline -0.009 -24"><span class='ocrx_word' id='word_1_15' title='bbox 220 391 323 463; x_wconf 62' lang='lat' dir='ltr'>curatio</span> <span class='ocrx_word' id='word_1_16' title='bbox 360 401 555 456; x_wconf 84' lang='lat' dir='ltr'>erroneam,</span> <span class='ocrx_word' id='word_1_17' title='bbox 577 375 632 447; x_wconf 88' lang='lat' dir='ltr'>led</span> <span class='ocrx_word' id='word_1_18' title='bbox 644 368 809 446; x_wconf 82' lang='lat' dir='ltr'>&amp;fallam</span> <span class='ocrx_word' id='word_1_19' title='bbox 821 367 955 474; x_wconf 89' lang='lat' dir='ltr'>prorsus</span> <span class='ocrx_word' id='word_1_20' title='bbox 966 372 1129 452; x_wconf 83' lang='lat' dir='ltr'>existere,</span> <span class='ocrx_word' id='word_1_21' title='bbox 1148 365 1503 472; x_wconf 84' lang='lat' dir='ltr'>imaginesquererum</span> <span class='ocrx_word' id='word_1_22' title='bbox 1518 395 1591 472; x_wconf 73' lang='lat' dir='ltr'>per</span> 
     </span>
     <span class='ocr_line' id='line_1_4' title="bbox 221 463 1590 575; baseline -0.005 -24"><span class='ocrx_word' id='word_1_23' title='bbox 221 475 318 511; x_wconf 61' lang='lat' dir='ltr'>‘mm&#39;</span> <span class='ocrx_word' id='word_1_24' title='bbox 358 475 525 551; x_wconf 87' lang='lat' dir='ltr'>insomnia</span> <span class='ocrx_word' id='word_1_25' title='bbox 533 496 665 547; x_wconf 88' lang='lat' dir='ltr'>tantum</span> <span class='ocrx_word' id='word_1_26' title='bbox 684 477 900 575; x_wconf 88' lang='lat' dir='ltr'>cognitarum</span> <span class='ocrx_word' id='word_1_27' title='bbox 911 521 923 556; x_wconf 92' lang='lat'>,</span> <span class='ocrx_word' id='word_1_28' title='bbox 943 473 997 548; x_wconf 82' lang='lat' dir='ltr'>vel</span> <span class='ocrx_word' id='word_1_29' title='bbox 1009 467 1212 572; x_wconf 83' lang='lat' dir='ltr'>praestigiose</span> <span class='ocrx_word' id='word_1_30' title='bbox 1222 469 1335 542; x_wconf 88' lang='lat' dir='ltr'>oculis</span> <span class='ocrx_word' id='word_1_31' title='bbox 1345 463 1590 565; x_wconf 60' lang='lat' dir='ltr'>objefflritt‘n,</span> 
     </span>
    </p>

    <p class='ocr_par' dir='ltr' id='par_1_3' title="bbox 357 569 1589 772">
     <span class='ocr_line' id='line_1_5' title="bbox 359 569 1589 680; baseline -0.006 -30"><span class='ocrx_word' id='word_1_32' title='bbox 359 603 423 680; x_wconf 87' lang='lat' dir='ltr'>pro</span> <span class='ocrx_word' id='word_1_33' title='bbox 441 573 520 676; x_wconf 86' lang='lat' dir='ltr'>ipsts</span> <span class='ocrx_word' id='word_1_34' title='bbox 531 573 631 648; x_wconf 89' lang='lat' dir='ltr'>rebus</span> <span class='ocrx_word' id='word_1_35' title='bbox 645 577 821 674; x_wconf 75' lang='lat' dir='ltr'>proponi:</span> <span class='ocrx_word' id='word_1_36' title='bbox 843 569 889 644; x_wconf 84' lang='lat' dir='ltr'>fic</span> <span class='ocrx_word' id='word_1_37' title='bbox 905 575 937 644; x_wconf 90' lang='lat' dir='ltr'>ei</span> <span class='ocrx_word' id='word_1_38' title='bbox 949 574 1078 644; x_wconf 89' lang='lat' dir='ltr'>nullum</span> <span class='ocrx_word' id='word_1_39' title='bbox 1097 570 1213 644; x_wconf 88' lang='lat' dir='ltr'>deberi</span> <span class='ocrx_word' id='word_1_40' title='bbox 1233 569 1353 641; x_wconf 88' lang='lat' dir='ltr'>locum</span> <span class='ocrx_word' id='word_1_41' title='bbox 1375 569 1412 637; x_wconf 89' lang='lat' dir='ltr'>in</span> <span class='ocrx_word' id='word_1_42' title='bbox 1432 571 1589 643; x_wconf 88' lang='lat' dir='ltr'>concilio</span> 
     </span>
     <span class='ocr_line' id='line_1_6' title="bbox 357 667 1588 772; baseline -0.007 -21"><span class='ocrx_word' id='word_1_43' title='bbox 357 677 462 758; x_wconf 77' lang='lat' dir='ltr'>lano,</span> <span class='ocrx_word' id='word_1_44' title='bbox 483 673 540 747; x_wconf 92' lang='lat' dir='ltr'>sed</span> <span class='ocrx_word' id='word_1_45' title='bbox 553 673 711 748; x_wconf 83' lang='lat' dir='ltr'>exibilari</span> <span class='ocrx_word' id='word_1_46' title='bbox 731 676 846 771; x_wconf 89' lang='lat' dir='ltr'>potius</span> <span class='ocrx_word' id='word_1_47' title='bbox 855 695 1041 772; x_wconf 86' lang='lat' dir='ltr'>oportere,</span> <span class='ocrx_word' id='word_1_48' title='bbox 1059 694 1097 744; x_wconf 92' lang='lat' dir='ltr'>ut</span> <span class='ocrx_word' id='word_1_49' title='bbox 1116 668 1285 745; x_wconf 86' lang='lat' dir='ltr'>veternofi</span> <span class='ocrx_word' id='word_1_50' title='bbox 1308 669 1364 746; x_wconf 84' lang='lat' dir='ltr'>vel</span> <span class='ocrx_word' id='word_1_51' title='bbox 1386 667 1588 771; x_wconf 83' lang='lat' dir='ltr'>cataleptici</span> 
     </span>
    </p>

    <p class='ocr_par' dir='ltr' id='par_1_4' title="bbox 270 770 799 866">
     <span class='ocr_line' id='line_1_7' title="bbox 270 770 799 866; baseline -0.008 -18"><span class='ocrx_word' id='word_1_52' title='bbox 270 829 279 848; x_wconf 89' lang='lat'><strong>.</strong></span> <span class='ocrx_word' id='word_1_53' title='bbox 359 773 642 855; x_wconf 88' lang='lat' dir='ltr'>fabulam,libere</span> <span class='ocrx_word' id='word_1_54' title='bbox 652 770 799 866; x_wconf 87' lang='lat' dir='ltr'>fatebor.</span> 
     </span>
    </p>

    <p class='ocr_par' dir='ltr' id='par_1_5' title="bbox 317 864 1583 1351">
     <span class='ocr_line' id='line_1_8' title="bbox 326 864 1583 969; baseline -0.012 -21"><span class='ocrx_word' id='word_1_55' title='bbox 326 865 329 872; x_wconf 17' lang='grc' dir='ltr'>λ</span> <span class='ocrx_word' id='word_1_56' title='bbox 413 880 428 963; x_wconf 84' lang='lat'>§</span> <span class='ocrx_word' id='word_1_57' title='bbox 456 897 490 969; x_wconf 82' lang='lat'>3.</span> <span class='ocrx_word' id='word_1_58' title='bbox 516 876 667 947; x_wconf 88' lang='lat' dir='ltr'>Primum</span> <span class='ocrx_word' id='word_1_59' title='bbox 685 872 729 942; x_wconf 88' lang='lat' dir='ltr'>de</span> <span class='ocrx_word' id='word_1_60' title='bbox 741 869 837 946; x_wconf 70' lang='lat' dir='ltr'>faece</span> <span class='ocrx_word' id='word_1_61' title='bbox 848 889 963 942; x_wconf 90' lang='lat' dir='ltr'>mutua</span> <span class='ocrx_word' id='word_1_62' title='bbox 973 893 1072 942; x_wconf 90' lang='lat' dir='ltr'>manu</span> <span class='ocrx_word' id='word_1_63' title='bbox 1084 864 1314 966; x_wconf 85' lang='lat' dir='ltr'>stipulationis</span> <span class='ocrx_word' id='word_1_64' title='bbox 1328 868 1511 954; x_wconf 73' lang='lat' dir='ltr'>vanitate,</span> <span class='ocrx_word' id='word_1_65' title='bbox 1532 876 1583 943; x_wconf 86' lang='lat' dir='ltr'>ni.</span> 
     </span>
     <span class='ocr_line' id='line_1_9' title="bbox 317 963 1583 1068; baseline -0.002 -27"><span class='ocrx_word' id='word_1_66' title='bbox 317 1051 320 1054; x_wconf 49' lang='grc'><strong>,</strong></span> <span class='ocrx_word' id='word_1_67' title='bbox 361 969 411 1042; x_wconf 86' lang='lat' dir='ltr'>hil</span> <span class='ocrx_word' id='word_1_68' title='bbox 422 973 557 1046; x_wconf 89' lang='lat' dir='ltr'>dicam:</span> <span class='ocrx_word' id='word_1_69' title='bbox 584 997 647 1044; x_wconf 85' lang='lat' dir='ltr'>noc</span> <span class='ocrx_word' id='word_1_70' title='bbox 665 975 764 1044; x_wconf 83' lang='lat' dir='ltr'>anxie</span> <span class='ocrx_word' id='word_1_71' title='bbox 780 969 980 1046; x_wconf 81' lang='lat' dir='ltr'>contendam</span> <span class='ocrx_word' id='word_1_72' title='bbox 999 969 1042 1041; x_wconf 90' lang='lat' dir='ltr'>de</span> <span class='ocrx_word' id='word_1_73' title='bbox 1054 963 1215 1068; x_wconf 82' lang='lat' dir='ltr'>promissa</span> <span class='ocrx_word' id='word_1_74' title='bbox 1226 971 1331 1039; x_wconf 84' lang='lat' dir='ltr'>toties</span> <span class='ocrx_word' id='word_1_75' title='bbox 1345 971 1516 1067; x_wconf 86' lang='lat' dir='ltr'>pecunia,</span> <span class='ocrx_word' id='word_1_76' title='bbox 1542 979 1583 1046; x_wconf 70' lang='grc' dir='ltr'>δε</span> 
     </span>
     <span class='ocr_line' id='line_1_10' title="bbox 328 1063 1582 1172; baseline -0.002 -31"><span class='ocrx_word' id='word_1_77' title='bbox 328 1147 330 1154; x_wconf 56' lang='grc'>,</span> <span class='ocrx_word' id='word_1_78' title='bbox 360 1097 531 1172; x_wconf 85' lang='lat' dir='ltr'>nunquam</span> <span class='ocrx_word' id='word_1_79' title='bbox 541 1069 669 1144; x_wconf 85' lang='lat' dir='ltr'>soluta:</span> <span class='ocrx_word' id='word_1_80' title='bbox 683 1077 794 1143; x_wconf 85' lang='lat' dir='ltr'>&amp;nec</span> <span class='ocrx_word' id='word_1_81' title='bbox 803 1069 846 1142; x_wconf 88' lang='lat' dir='ltr'>de</span> <span class='ocrx_word' id='word_1_82' title='bbox 856 1067 1063 1141; x_wconf 87' lang='lat' dir='ltr'>custodiendi</span> <span class='ocrx_word' id='word_1_83' title='bbox 1073 1063 1177 1138; x_wconf 74' lang='lat' dir='ltr'>illaese</span> <span class='ocrx_word' id='word_1_84' title='bbox 1187 1069 1322 1166; x_wconf 85' lang='lat' dir='ltr'>pecoris</span> <span class='ocrx_word' id='word_1_85' title='bbox 1333 1091 1412 1146; x_wconf 79' lang='lat' dir='ltr'>arte</span> <span class='ocrx_word' id='word_1_86' title='bbox 1430 1072 1582 1167; x_wconf 74' lang='lat' dir='ltr'>expadto</span> 
     </span>
     <span class='ocr_line' id='line_1_11' title="bbox 362 1164 1580 1268; baseline -0.009 -26"><span class='ocrx_word' id='word_1_87' title='bbox 362 1198 431 1244; x_wconf 90' lang='lat' dir='ltr'>non</span> <span class='ocrx_word' id='word_1_88' title='bbox 441 1171 588 1244; x_wconf 85' lang='lat' dir='ltr'>tradita:</span> <span class='ocrx_word' id='word_1_89' title='bbox 615 1195 692 1242; x_wconf 89' lang='lat' dir='ltr'>cum</span> <span class='ocrx_word' id='word_1_90' title='bbox 703 1166 941 1242; x_wconf 70' lang='lat' dir='ltr'>tamenfoedus</span> <span class='ocrx_word' id='word_1_91' title='bbox 950 1164 1200 1240; x_wconf 81' lang='lat' dir='ltr'>fuerit-initium</span> <span class='ocrx_word' id='word_1_92' title='bbox 1211 1166 1282 1239; x_wconf 84' lang='lat' dir='ltr'>illis</span> <span class='ocrx_word' id='word_1_93' title='bbox 1292 1165 1436 1266; x_wconf 83' lang='lat' dir='ltr'>legibus</span> <span class='ocrx_word' id='word_1_94' title='bbox 1448 1216 1460 1250; x_wconf 93' lang='lat'>,</span> <span class='ocrx_word' id='word_1_95' title='bbox 1478 1181 1580 1268; x_wconf 72' lang='grc' dir='ltr'><strong>περς.</strong></span> 
     </span>
     <span class='ocr_line' id='line_1_12' title="bbox 363 1263 1578 1351; baseline -0.001 -9"><span class='ocrx_word' id='word_1_96' title='bbox 363 1275 499 1343; x_wconf 88' lang='lat' dir='ltr'>cuniam</span> <span class='ocrx_word' id='word_1_97' title='bbox 510 1267 795 1351; x_wconf 89' lang='lat' dir='ltr'>subministraret,</span> <span class='ocrx_word' id='word_1_98' title='bbox 817 1278 855 1342; x_wconf 75' lang='grc' dir='ltr'>δι</span> <span class='ocrx_word' id='word_1_99' title='bbox 868 1270 1009 1340; x_wconf 84' lang='lat' dir='ltr'>armenti</span> <span class='ocrx_word' id='word_1_100' title='bbox 1022 1274 1042 1340; x_wconf 82' lang='lat' dir='ltr'>&#39;a</span> <span class='ocrx_word' id='word_1_101' title='bbox 1053 1265 1167 1337; x_wconf 82' lang='lat' dir='ltr'>bestiis</span> <span class='ocrx_word' id='word_1_102' title='bbox 1178 1263 1390 1346; x_wconf 80' lang='lat' dir='ltr'>defendendi</span> <span class='ocrx_word' id='word_1_103' title='bbox 1404 1267 1578 1341; x_wconf 86' lang='lat' dir='ltr'>artemdo-</span> 
     </span>
    </p>

    <p class='ocr_par' dir='ltr' id='par_1_6' title="bbox 268 1363 1589 2036">
     <span class='ocr_line' id='line_1_13' title="bbox 268 1363 1576 1466; baseline 0 -25"><span class='ocrx_word' id='word_1_104' title='bbox 268 1417 272 1421; x_wconf 94' lang='lat'>-</span> <span class='ocrx_word' id='word_1_105' title='bbox 364 1394 454 1444; x_wconf 89' lang='lat' dir='ltr'>ceret</span> <span class='ocrx_word' id='word_1_106' title='bbox 465 1370 611 1442; x_wconf 71' lang='lat' dir='ltr'>demon.</span> <span class='ocrx_word' id='word_1_107' title='bbox 660 1369 757 1440; x_wconf 88' lang='lat' dir='ltr'>Illam</span> <span class='ocrx_word' id='word_1_108' title='bbox 770 1389 807 1440; x_wconf 88' lang='lat' dir='ltr'>ut</span> <span class='ocrx_word' id='word_1_109' title='bbox 818 1363 1068 1440; x_wconf 85' lang='lat' dir='ltr'>nonhabetnifi</span> <span class='ocrx_word' id='word_1_110' title='bbox 1078 1367 1347 1466; x_wconf 79' lang='lat' dir='ltr'>imaginariam,</span> <span class='ocrx_word' id='word_1_111' title='bbox 1366 1364 1416 1437; x_wconf 83' lang='lat' dir='ltr'>stc</span> <span class='ocrx_word' id='word_1_112' title='bbox 1429 1367 1576 1442; x_wconf 81' lang='lat' dir='ltr'>nethanc</span> 
     </span>
     <span class='ocr_line' id='line_1_14' title="bbox 364 1461 1578 1568; baseline -0.001 -28"><span class='ocrx_word' id='word_1_113' title='bbox 364 1461 496 1544; x_wconf 82' lang='lat' dir='ltr'>tra&#39;derc</span> <span class='ocrx_word' id='word_1_114' title='bbox 516 1473 566 1540; x_wconf 88' lang='lat' dir='ltr'>ita</span> <span class='ocrx_word' id='word_1_115' title='bbox 583 1465 770 1568; x_wconf 82' lang='lat' dir='ltr'>pomit&#39;aot</span> <span class='ocrx_word' id='word_1_116' title='bbox 789 1466 922 1548; x_wconf 85' lang='lat' dir='ltr'>voluit,</span> <span class='ocrx_word' id='word_1_117' title='bbox 938 1489 1042 1563; x_wconf 84' lang='lat' dir='ltr'>quum</span> <span class='ocrx_word' id='word_1_118' title='bbox 1064 1463 1484 1564; x_wconf 75' lang='lat' dir='ltr'>luporumsrmulachn&#39;s,</span> <span class='ocrx_word' id='word_1_119' title='bbox 1508 1495 1578 1565; x_wconf 79' lang='lat' dir='ltr'>qnae</span> 
     </span>
     <span class='ocr_line' id='line_1_15' title="bbox 366 1557 1574 1668; baseline 0 -26"><span class='ocrx_word' id='word_1_120' title='bbox 366 1567 499 1668; x_wconf 89' lang='lat' dir='ltr'>prosuo</span> <span class='ocrx_word' id='word_1_121' title='bbox 516 1568 679 1640; x_wconf 80' lang='lat' dir='ltr'>arbitratu</span> <span class='ocrx_word' id='word_1_122' title='bbox 690 1564 865 1639; x_wconf 80' lang='lat' dir='ltr'>offendere</span> <span class='ocrx_word' id='word_1_123' title='bbox 873 1569 993 1666; x_wconf 84' lang='lat' dir='ltr'>quivit.</span> <span class='ocrx_word' id='word_1_124' title='bbox 1035 1569 1173 1638; x_wconf 85' lang='lat' dir='ltr'>Petrum</span> <span class='ocrx_word' id='word_1_125' title='bbox 1192 1557 1415 1637; x_wconf 86' lang='lat' dir='ltr'>solummodo</span> <span class='ocrx_word' id='word_1_126' title='bbox 1427 1568 1574 1642; x_wconf 85' lang='lat' dir='ltr'>territum</span> 
     </span>
     <span class='ocr_line' id='line_1_16' title="bbox 362 1660 1589 1766; baseline 0.002 -28"><span class='ocrx_word' id='word_1_127' title='bbox 362 1671 626 1746; x_wconf 87' lang='lat' dir='ltr'>circumvenire,</span> <span class='ocrx_word' id='word_1_128' title='bbox 639 1675 677 1740; x_wconf 91' lang='lat'>&amp;</span> <span class='ocrx_word' id='word_1_129' title='bbox 688 1669 723 1736; x_wconf 91' lang='lat' dir='ltr'>in</span> <span class='ocrx_word' id='word_1_130' title='bbox 742 1667 861 1738; x_wconf 85' lang='lat' dir='ltr'>officio</span> <span class='ocrx_word' id='word_1_131' title='bbox 871 1667 1040 1761; x_wconf 83' lang='lat' dir='ltr'>continere</span> <span class='ocrx_word' id='word_1_132' title='bbox 1054 1711 1064 1744; x_wconf 99' lang='lat'>,</span> <span class='ocrx_word' id='word_1_133' title='bbox 1083 1660 1238 1764; x_wconf 78' lang='lat' dir='ltr'>sagacius</span> <span class='ocrx_word' id='word_1_134' title='bbox 1249 1689 1454 1740; x_wconf 86' lang='lat' dir='ltr'>conaretur:</span> <span class='ocrx_word' id='word_1_135' title='bbox 1476 1671 1589 1766; x_wconf 71' lang='lat' dir='ltr'>aqui·</span> 
     </span>
     <span class='ocr_line' id='line_1_17' title="bbox 364 1763 1574 1847; baseline 0.003 -13"><span class='ocrx_word' id='word_1_136' title='bbox 364 1763 425 1837; x_wconf 89' lang='lat' dir='ltr'>bus</span> <span class='ocrx_word' id='word_1_137' title='bbox 441 1787 574 1847; x_wconf 88' lang='lat' dir='ltr'>tamen,</span> <span class='ocrx_word' id='word_1_138' title='bbox 598 1766 680 1835; x_wconf 89' lang='lat' dir='ltr'>licet</span> <span class='ocrx_word' id='word_1_139' title='bbox 698 1764 799 1837; x_wconf 83' lang='lat' dir='ltr'>rebus</span> <span class='ocrx_word' id='word_1_140' title='bbox 811 1765 932 1846; x_wconf 90' lang='lat' dir='ltr'>nihili,</span> <span class='ocrx_word' id='word_1_141' title='bbox 952 1763 1126 1845; x_wconf 86' lang='lat' dir='ltr'>evanidis,</span> <span class='ocrx_word' id='word_1_142' title='bbox 1146 1789 1208 1839; x_wconf 86' lang='lat' dir='ltr'>nec</span> <span class='ocrx_word' id='word_1_143' title='bbox 1226 1765 1331 1837; x_wconf 88' lang='lat' dir='ltr'>ullam</span> <span class='ocrx_word' id='word_1_144' title='bbox 1353 1765 1420 1836; x_wconf 84' lang='lat' dir='ltr'>reli</span> <span class='ocrx_word' id='word_1_145' title='bbox 1466 1771 1574 1838; x_wconf 86' lang='lat' dir='ltr'>uenti·</span> 
     </span>
     <span class='ocr_line' id='line_1_18' title="bbox 363 1860 1572 1964; baseline 0.002 -31"><span class='ocrx_word' id='word_1_146' title='bbox 363 1861 424 1936; x_wconf 79' lang='lat' dir='ltr'>bur</span> <span class='ocrx_word' id='word_1_147' title='bbox 445 1888 605 1945; x_wconf 79' lang='lat' dir='ltr'>noxam,</span> <span class='ocrx_word' id='word_1_148' title='bbox 634 1863 693 1935; x_wconf 92' lang='lat' dir='ltr'>ille</span> <span class='ocrx_word' id='word_1_149' title='bbox 714 1861 877 1939; x_wconf 73' lang='lat' dir='ltr'>demanii</span> <span class='ocrx_word' id='word_1_150' title='bbox 898 1863 1008 1937; x_wconf 80' lang='lat' dir='ltr'>studio</span> <span class='ocrx_word' id='word_1_151' title='bbox 1028 1871 1067 1938; x_wconf 78' lang='lat' dir='ltr'>dt</span> <span class='ocrx_word' id='word_1_152' title='bbox 1086 1860 1251 1936; x_wconf 88' lang='lat' dir='ltr'>industria</span> <span class='ocrx_word' id='word_1_153' title='bbox 1270 1861 1404 1964; x_wconf 85' lang='lat' dir='ltr'>pecudes</span> <span class='ocrx_word' id='word_1_154' title='bbox 1437 1883 1572 1938; x_wconf 63' lang='lat' dir='ltr'>avaras</span> 
     </span>
     <span class='ocr_line' id='line_1_19' title="bbox 361 1961 1566 2036; baseline 0 -4"><span class='ocrx_word' id='word_1_155' title='bbox 361 1961 631 2036; x_wconf 85' lang='lat' dir='ltr'>esseconfidetet</span> <span class='ocrx_word' id='word_1_156' title='bbox 1563 1994 1566 2002; x_wconf 94' lang='lat'><em>·</em></span> 
     </span>
    </p>

    <p class='ocr_par' dir='ltr' id='par_1_7' title="bbox 412 2056 1572 2164">
     <span class='ocr_line' id='line_1_20' title="bbox 412 2056 1572 2164; baseline 0.003 -33"><span class='ocrx_word' id='word_1_157' title='bbox 412 2066 428 2151; x_wconf 84' lang='lat'>§</span> <span class='ocrx_word' id='word_1_158' title='bbox 451 2084 488 2155; x_wconf 89' lang='lat'>4.</span> <span class='ocrx_word' id='word_1_159' title='bbox 524 2065 727 2160; x_wconf 79' lang='lat' dir='ltr'>Qanquaan</span> <span class='ocrx_word' id='word_1_160' title='bbox 748 2063 851 2135; x_wconf 87' lang='lat' dir='ltr'>ctiam</span> <span class='ocrx_word' id='word_1_161' title='bbox 862 2062 906 2134; x_wconf 85' lang='lat' dir='ltr'>de</span> <span class='ocrx_word' id='word_1_162' title='bbox 924 2061 1005 2134; x_wconf 87' lang='lat' dir='ltr'>fidei</span> <span class='ocrx_word' id='word_1_163' title='bbox 1018 2060 1246 2164; x_wconf 83' lang='lat' dir='ltr'>abnegatione</span> <span class='ocrx_word' id='word_1_164' title='bbox 1272 2071 1310 2137; x_wconf 88' lang='lat'>&amp;</span> <span class='ocrx_word' id='word_1_165' title='bbox 1329 2056 1455 2131; x_wconf 73' lang='lat' dir='ltr'>ferdere</span> <span class='ocrx_word' id='word_1_166' title='bbox 1471 2058 1572 2134; x_wconf 79' lang='lat' dir='ltr'>ficul-</span> 
     </span>
    </p>

    <p class='ocr_par' dir='ltr' id='par_1_8' title="bbox 272 2155 1569 2262">
     <span class='ocr_line' id='line_1_21' title="bbox 272 2155 1569 2262; baseline 0 -31"><span class='ocrx_word' id='word_1_167' title='bbox 272 2231 277 2244; x_wconf 79' lang='grc'><em>,</em></span> <span class='ocrx_word' id='word_1_168' title='bbox 319 2229 324 2245; x_wconf 82' lang='grc'>,</span> <span class='ocrx_word' id='word_1_169' title='bbox 364 2185 441 2241; x_wconf 89' lang='lat' dir='ltr'>neo,</span> <span class='ocrx_word' id='word_1_170' title='bbox 454 2164 489 2232; x_wconf 91' lang='lat' dir='ltr'>in</span> <span class='ocrx_word' id='word_1_171' title='bbox 501 2181 603 2234; x_wconf 87' lang='lat' dir='ltr'>tertro</span> <span class='ocrx_word' id='word_1_172' title='bbox 616 2159 711 2259; x_wconf 86' lang='lat' dir='ltr'>hujus</span> <span class='ocrx_word' id='word_1_173' title='bbox 723 2167 848 2262; x_wconf 88' lang='lat' dir='ltr'>Operis</span> <span class='ocrx_word' id='word_1_174' title='bbox 859 2157 1209 2261; x_wconf 85' lang='lat' dir='ltr'>libro,nbisagarum</span> <span class='ocrx_word' id='word_1_175' title='bbox 1221 2155 1569 2248; x_wconf 81' lang='lat' dir='ltr'>historiamdeseribo.</span> 
     </span>
    </p>

    <p class='ocr_par' dir='ltr' id='par_1_9' title="bbox 263 2256 1577 2460">
     <span class='ocr_line' id='line_1_22' title="bbox 263 2256 1576 2364; baseline 0.003 -34"><span class='ocrx_word' id='word_1_176' title='bbox 263 2281 267 2288; x_wconf 90' lang='lat'>·</span> <span class='ocrx_word' id='word_1_177' title='bbox 306 2337 310 2342; x_wconf 57' lang='grc'><strong>,</strong></span> <span class='ocrx_word' id='word_1_178' title='bbox 364 2257 532 2361; x_wconf 90' lang='lat' dir='ltr'>copiosrus</span> <span class='ocrx_word' id='word_1_179' title='bbox 542 2259 771 2334; x_wconf 82' lang='lat' dir='ltr'>disseruerim:</span> <span class='ocrx_word' id='word_1_180' title='bbox 796 2261 833 2332; x_wconf 92' lang='lat' dir='ltr'>id</span> <span class='ocrx_word' id='word_1_181' title='bbox 852 2271 962 2330; x_wconf 85' lang='lat' dir='ltr'>tamen</span> <span class='ocrx_word' id='word_1_182' title='bbox 976 2261 1218 2334; x_wconf 87' lang='lat' dir='ltr'>adhucleviter</span> <span class='ocrx_word' id='word_1_183' title='bbox 1240 2260 1391 2333; x_wconf 90' lang='lat' dir='ltr'>hocloco</span> <span class='ocrx_word' id='word_1_184' title='bbox 1402 2256 1576 2364; x_wconf 81' lang='lat' dir='ltr'>aspergere</span> 
     </span>
     <span class='ocr_line' id='line_1_23' title="bbox 364 2357 1577 2460; baseline -0.002 -28"><span class='ocrx_word' id='word_1_185' title='bbox 364 2360 505 2460; x_wconf 78' lang='lat' dir='ltr'>placuit,</span> <span class='ocrx_word' id='word_1_186' title='bbox 529 2383 565 2432; x_wconf 90' lang='lat'>2.</span> <span class='ocrx_word' id='word_1_187' title='bbox 578 2357 717 2434; x_wconf 86' lang='lat' dir='ltr'>stederis</span> <span class='ocrx_word' id='word_1_188' title='bbox 729 2357 907 2459; x_wconf 89' lang='lat' dir='ltr'>compedes</span> <span class='ocrx_word' id='word_1_189' title='bbox 927 2379 996 2428; x_wconf 89' lang='lat' dir='ltr'>tarn</span> <span class='ocrx_word' id='word_1_190' title='bbox 1008 2359 1150 2431; x_wconf 88' lang='lat' dir='ltr'>omnino</span> <span class='ocrx_word' id='word_1_191' title='bbox 1162 2357 1262 2431; x_wconf 82' lang='lat' dir='ltr'>firiffe</span> <span class='ocrx_word' id='word_1_192' title='bbox 1272 2360 1435 2434; x_wconf 78' lang='lat' dir='ltr'>invalidos</span> <span class='ocrx_word' id='word_1_193' title='bbox 1447 2368 1486 2431; x_wconf 76' lang='grc' dir='ltr'>δι</span> <span class='ocrx_word' id='word_1_194' title='bbox 1499 2363 1577 2431; x_wconf 80' lang='lat' dir='ltr'>exi·</span> 
     </span>
    </p>

    <p class='ocr_par' dir='ltr' id='par_1_10' title="bbox 364 2455 1577 3122">
     <span class='ocr_line' id='line_1_24' title="bbox 391 2455 1576 2560; baseline -0.001 -28"><span class='ocrx_word' id='word_1_195' title='bbox 391 2463 425 2532; x_wconf 90' lang='lat' dir='ltr'>ui</span> <span class='ocrx_word' id='word_1_196' title='bbox 446 2463 635 2542; x_wconf 88' lang='lat' dir='ltr'>momenti,</span> <span class='ocrx_word' id='word_1_197' title='bbox 657 2483 695 2532; x_wconf 90' lang='lat' dir='ltr'>ut</span> <span class='ocrx_word' id='word_1_198' title='bbox 715 2486 818 2560; x_wconf 89' lang='lat' dir='ltr'>quum</span> <span class='ocrx_word' id='word_1_199' title='bbox 829 2463 944 2532; x_wconf 85' lang='lat' dir='ltr'>Petrus</span> <span class='ocrx_word' id='word_1_200' title='bbox 964 2463 983 2530; x_wconf 72' lang='lat' dir='ltr'>a</span> <span class='ocrx_word' id='word_1_201' title='bbox 1005 2455 1226 2556; x_wconf 71' lang='lat' dir='ltr'>suapasaendi</span> <span class='ocrx_word' id='word_1_202' title='bbox 1249 2461 1382 2556; x_wconf 87' lang='lat' dir='ltr'>pecoris</span> <span class='ocrx_word' id='word_1_203' title='bbox 1401 2457 1576 2531; x_wconf 78' lang='lat' dir='ltr'>funffioue</span> 
     </span>
     <span class='ocr_line' id='line_1_25' title="bbox 365 2489 1576 2660; baseline 0.002 -30"><span class='ocrx_word' id='word_1_204' title='bbox 365 2489 557 2640; x_wconf 66' lang='lat' dir='ltr'>desisteret,</span> <span class='ocrx_word' id='word_1_205' title='bbox 577 2563 854 2658; x_wconf 67' lang='lat' dir='ltr'>contractumque</span> <span class='ocrx_word' id='word_1_206' title='bbox 865 2559 1110 2630; x_wconf 82' lang='lat' dir='ltr'>daemoniacum</span> <span class='ocrx_word' id='word_1_207' title='bbox 1122 2557 1342 2660; x_wconf 82' lang='lat' dir='ltr'>negligeret,</span> <span class='ocrx_word' id='word_1_208' title='bbox 1360 2562 1576 2634; x_wconf 71' lang='lat' dir='ltr'>odoautno-</span> 
     </span>
     <span class='ocr_line' id='line_1_26' title="bbox 365 2655 1577 2759; baseline 0.001 -28"><span class='ocrx_word' id='word_1_209' title='bbox 365 2683 442 2731; x_wconf 86' lang='lat' dir='ltr'>vern</span> <span class='ocrx_word' id='word_1_210' title='bbox 454 2655 810 2748; x_wconf 83' lang='lat' dir='ltr'>continuissereannis</span> <span class='ocrx_word' id='word_1_211' title='bbox 824 2662 860 2730; x_wconf 89' lang='lat' dir='ltr'>in</span> <span class='ocrx_word' id='word_1_212' title='bbox 878 2661 984 2731; x_wconf 74' lang='lat' dir='ltr'>ueteri</span> <span class='ocrx_word' id='word_1_213' title='bbox 1004 2659 1172 2759; x_wconf 86' lang='lat' dir='ltr'>religione</span> <span class='ocrx_word' id='word_1_214' title='bbox 1192 2663 1249 2756; x_wconf 91' lang='lat' dir='ltr'>pie</span> <span class='ocrx_word' id='word_1_215' title='bbox 1271 2659 1577 2741; x_wconf 85' lang='lat' dir='ltr'>vixerit,undeci·</span> 
     </span>
     <span class='ocr_line' id='line_1_27' title="bbox 364 2755 1574 2871; baseline 0.003 -45"><span class='ocrx_word' id='word_1_216' title='bbox 364 2759 431 2829; x_wconf 84' lang='lat' dir='ltr'>tius</span> <span class='ocrx_word' id='word_1_217' title='bbox 463 2755 566 2829; x_wconf 82' lang='lat' dir='ltr'>delusi</span> <span class='ocrx_word' id='word_1_218' title='bbox 588 2757 853 2856; x_wconf 87' lang='lat' dir='ltr'>phantasticiquc</span> <span class='ocrx_word' id='word_1_219' title='bbox 881 2757 1027 2832; x_wconf 88' lang='lat' dir='ltr'>hominis</span> <span class='ocrx_word' id='word_1_220' title='bbox 1055 2755 1188 2828; x_wconf 84' lang='lat' dir='ltr'>stultam</span> <span class='ocrx_word' id='word_1_221' title='bbox 1217 2755 1320 2831; x_wconf 84' lang='lat' dir='ltr'>suiffe</span> <span class='ocrx_word' id='word_1_222' title='bbox 1338 2755 1574 2871; x_wconf 76' lang='lat' dir='ltr'>persuasorem</span> 
     </span>
     <span class='ocr_line' id='line_1_28' title="bbox 364 2853 1576 2957; baseline -0.001 -31"><span class='ocrx_word' id='word_1_223' title='bbox 364 2853 527 2926; x_wconf 85' lang='lat' dir='ltr'>dixerim.</span> <span class='ocrx_word' id='word_1_224' title='bbox 563 2861 657 2929; x_wconf 91' lang='lat' dir='ltr'>Dum</span> <span class='ocrx_word' id='word_1_225' title='bbox 667 2858 756 2929; x_wconf 89' lang='lat' dir='ltr'>enirn</span> <span class='ocrx_word' id='word_1_226' title='bbox 768 2857 1320 2957; x_wconf 68' lang='lat' dir='ltr'>pastoremageret,&amp;in&#39;campis</span> <span class='ocrx_word' id='word_1_227' title='bbox 1330 2857 1576 2932; x_wconf 82' lang='lat' dir='ltr'>lolimdinibus·</span> 
     </span>
     <span class='ocr_line' id='line_1_29' title="bbox 364 2949 1576 3122; baseline 0.002 -98"><span class='ocrx_word' id='word_1_228' title='bbox 364 2979 434 3122; x_wconf 71' lang='lat' dir='ltr'>gut</span> <span class='ocrx_word' id='word_1_229' title='bbox 442 2949 581 3026; x_wconf 78' lang='lat' dir='ltr'>seorsim</span> <span class='ocrx_word' id='word_1_230' title='bbox 593 2953 794 3037; x_wconf 86' lang='lat' dir='ltr'>versaretur,</span> <span class='ocrx_word' id='word_1_231' title='bbox 807 2955 866 3027; x_wconf 89' lang='lat' dir='ltr'>ubi</span> <span class='ocrx_word' id='word_1_232' title='bbox 877 2953 1019 3027; x_wconf 88' lang='lat' dir='ltr'>diabolo</span> <span class='ocrx_word' id='word_1_233' title='bbox 1030 2953 1222 3054; x_wconf 89' lang='lat' dir='ltr'>promptior</span> <span class='ocrx_word' id='word_1_234' title='bbox 1230 2979 1306 3030; x_wconf 86' lang='lat' dir='ltr'>erat</span> <span class='ocrx_word' id='word_1_235' title='bbox 1315 2957 1488 3061; x_wconf 76' lang='lat' dir='ltr'>praestigiis</span> <span class='ocrx_word' id='word_1_236' title='bbox 1498 2953 1576 3027; x_wconf 89' lang='lat' dir='ltr'>illu-</span> 
     </span>
    </p>

    <p class='ocr_par' dir='ltr' id='par_1_11' title="bbox 291 3051 1623 3449">
     <span class='ocr_line' id='line_1_30' title="bbox 291 3051 1623 3155; baseline 0.001 -31"><span class='ocrx_word' id='word_1_237' title='bbox 291 3051 295 3058; x_wconf 79' lang='grc'><strong>’</strong></span> <span class='ocrx_word' id='word_1_238' title='bbox 388 3052 468 3126; x_wconf 88' lang='lat' dir='ltr'>endi</span> <span class='ocrx_word' id='word_1_239' title='bbox 478 3055 637 3138; x_wconf 78' lang='lat' dir='ltr'>occasio,</span> <span class='ocrx_word' id='word_1_240' title='bbox 654 3053 818 3155; x_wconf 84' lang='lat' dir='ltr'>ejusmodi</span> <span class='ocrx_word' id='word_1_241' title='bbox 837 3053 1060 3127; x_wconf 85' lang='lat' dir='ltr'>exercebatur</span> <span class='ocrx_word' id='word_1_242' title='bbox 1072 3053 1201 3138; x_wconf 87' lang='lat' dir='ltr'>idolis,</span> <span class='ocrx_word' id='word_1_243' title='bbox 1220 3081 1292 3130; x_wconf 92' lang='lat' dir='ltr'>non</span> <span class='ocrx_word' id='word_1_244' title='bbox 1315 3060 1407 3132; x_wconf 82' lang='lat' dir='ltr'>adeo</span> <span class='ocrx_word' id='word_1_245' title='bbox 1417 3057 1578 3131; x_wconf 84' lang='lat' dir='ltr'>renuncia-</span> <span class='ocrx_word' id='word_1_246' title='bbox 1621 3053 1623 3140; x_wconf 59' lang='grc' dir='ltr'>ἶ</span> 
     </span>
     <span class='ocr_line' id='line_1_31' title="bbox 364 3145 1623 3259; baseline 0.005 -37"><span class='ocrx_word' id='word_1_247' title='bbox 364 3153 470 3225; x_wconf 87' lang='lat' dir='ltr'>tionis</span> <span class='ocrx_word' id='word_1_248' title='bbox 488 3155 643 3236; x_wconf 87' lang='lat' dir='ltr'>ratione,</span> <span class='ocrx_word' id='word_1_249' title='bbox 671 3151 994 3256; x_wconf 86' lang='lat' dir='ltr'>quamsolitudinis.</span> <span class='ocrx_word' id='word_1_250' title='bbox 1044 3153 1194 3227; x_wconf 67' lang='lat' dir='ltr'>&#39;Proinde</span> <span class='ocrx_word' id='word_1_251' title='bbox 1218 3163 1257 3229; x_wconf 81' lang='grc' dir='ltr'>δι</span> <span class='ocrx_word' id='word_1_252' title='bbox 1278 3157 1445 3257; x_wconf 85' lang='lat' dir='ltr'>luporum</span> <span class='ocrx_word' id='word_1_253' title='bbox 1465 3155 1577 3259; x_wconf 80' lang='lat' dir='ltr'>species</span> <span class='ocrx_word' id='word_1_254' title='bbox 1621 3145 1623 3220; x_wconf 81' lang='lat' dir='ltr'>l</span> 
     </span>
     <span class='ocr_line' id='line_1_32' title="bbox 365 3233 1623 3358; baseline 0.006 -37"><span class='ocrx_word' id='word_1_255' title='bbox 365 3249 570 3349; x_wconf 82' lang='lat' dir='ltr'>quandoque</span> <span class='ocrx_word' id='word_1_256' title='bbox 590 3254 757 3326; x_wconf 88' lang='lat' dir='ltr'>evocabat</span> <span class='ocrx_word' id='word_1_257' title='bbox 779 3255 935 3335; x_wconf 80' lang='lat' dir='ltr'>daemon,</span> <span class='ocrx_word' id='word_1_258' title='bbox 956 3255 1129 3354; x_wconf 83' lang='lat' dir='ltr'>quaenilril</span> <span class='ocrx_word' id='word_1_259' title='bbox 1147 3254 1266 3328; x_wconf 88' lang='lat' dir='ltr'>damni</span> <span class='ocrx_word' id='word_1_260' title='bbox 1286 3255 1579 3358; x_wconf 80' lang='lat' dir='ltr'>sac-iebant,quod</span> <span class='ocrx_word' id='word_1_261' title='bbox 1621 3233 1623 3328; x_wconf 88' lang='lat' dir='ltr'>l</span> 
     </span>
     <span class='ocr_line' id='line_1_33' title="bbox 363 3345 1623 3449; baseline 0.009 -29"><span class='ocrx_word' id='word_1_262' title='bbox 363 3375 427 3422; x_wconf 92' lang='lat' dir='ltr'>nec</span> <span class='ocrx_word' id='word_1_263' title='bbox 435 3373 619 3449; x_wconf 82' lang='lat' dir='ltr'>poterant,</span> <span class='ocrx_word' id='word_1_264' title='bbox 633 3374 672 3424; x_wconf 92' lang='lat' dir='ltr'>ut</span> <span class='ocrx_word' id='word_1_265' title='bbox 683 3353 780 3424; x_wconf 84' lang='lat' dir='ltr'>nudae</span> <span class='ocrx_word' id='word_1_266' title='bbox 793 3381 904 3427; x_wconf 87' lang='lat' dir='ltr'>rerum</span> <span class='ocrx_word' id='word_1_267' title='bbox 917 3352 1059 3426; x_wconf 80' lang='lat' dir='ltr'>sormae:</span> <span class='ocrx_word' id='word_1_268' title='bbox 1086 3353 1175 3428; x_wconf 84' lang='lat' dir='ltr'>velsr</span> <span class='ocrx_word' id='word_1_269' title='bbox 1196 3379 1299 3431; x_wconf 83' lang='lat' dir='ltr'>veros</span> <span class='ocrx_word' id='word_1_270' title='bbox 1311 3358 1435 3431; x_wconf 85' lang='lat' dir='ltr'>demus</span> <span class='ocrx_word' id='word_1_271' title='bbox 1445 3353 1581 3430; x_wconf 71' lang='lat' dir='ltr'>extitisse</span> <span class='ocrx_word' id='word_1_272' title='bbox 1621 3345 1623 3402; x_wconf 74' lang='lat'><em>²</em></span> 
     </span>
    </p>

    <p class='ocr_par' dir='ltr' id='par_1_12' title="bbox 300 3417 1623 3646">
     <span class='ocr_line' id='line_1_34' title="bbox 300 3417 1623 3562; baseline 0.005 -41"><span class='ocrx_word' id='word_1_273' title='bbox 300 3453 311 3463; x_wconf 71' lang='grc'><strong>“</strong></span> <span class='ocrx_word' id='word_1_274' title='bbox 350 3448 487 3547; x_wconf 87' lang='lat' dir='ltr'>lupos,</span> <span class='ocrx_word' id='word_1_275' title='bbox 506 3449 584 3521; x_wconf 89' lang='lat' dir='ltr'>illos</span> <span class='ocrx_word' id='word_1_276' title='bbox 595 3457 688 3523; x_wconf 90' lang='lat' dir='ltr'>eo&amp;</span> <span class='ocrx_word' id='word_1_277' title='bbox 706 3451 1025 3557; x_wconf 83' lang='lat' dir='ltr'>cgiffe&amp;abegille</span> <span class='ocrx_word' id='word_1_278' title='bbox 1035 3447 1181 3526; x_wconf 85' lang='lat' dir='ltr'>satanam</span> <span class='ocrx_word' id='word_1_279' title='bbox 1202 3456 1375 3529; x_wconf 83' lang='lat' dir='ltr'>credibile</span> <span class='ocrx_word' id='word_1_280' title='bbox 1386 3459 1459 3540; x_wconf 88' lang='lat' dir='ltr'>est,</span> <span class='ocrx_word' id='word_1_281' title='bbox 1482 3455 1580 3530; x_wconf 68' lang='lat' dir='ltr'>subm</span> <span class='ocrx_word' id='word_1_282' title='bbox 1621 3417 1623 3562; x_wconf 70' lang='lat' dir='ltr'>l</span> 
     </span>
     <span class='ocr_line' id='line_1_35' title="bbox 364 3549 1623 3646; baseline 0.011 -27"><span class='ocrx_word' id='word_1_283' title='bbox 364 3551 490 3620; x_wconf 88' lang='lat' dir='ltr'>ineum</span> <span class='ocrx_word' id='word_1_284' title='bbox 508 3549 612 3620; x_wconf 89' lang='lat' dir='ltr'>finem</span> <span class='ocrx_word' id='word_1_285' title='bbox 626 3549 722 3624; x_wconf 88' lang='lat' dir='ltr'>abeo</span> <span class='ocrx_word' id='word_1_286' title='bbox 735 3550 909 3634; x_wconf 82' lang='lat' dir='ltr'>instituta,</span> <span class='ocrx_word' id='word_1_287' title='bbox 928 3577 966 3624; x_wconf 89' lang='lat' dir='ltr'>ut</span> <span class='ocrx_word' id='word_1_288' title='bbox 974 3551 1088 3624; x_wconf 85' lang='lat' dir='ltr'>deliris</span> <span class='ocrx_word' id='word_1_289' title='bbox 1102 3549 1167 3628; x_wconf 82' lang='lat' dir='ltr'>suis</span> <span class='ocrx_word' id='word_1_290' title='bbox 1177 3553 1445 3631; x_wconf 72' lang='lat' dir='ltr'>indueionibus</span> <span class='ocrx_word' id='word_1_291' title='bbox 1457 3557 1578 3632; x_wconf 74' lang='lat' dir='ltr'>fibiPe·</span> <span class='ocrx_word' id='word_1_292' title='bbox 1621 3565 1623 3646; x_wconf 74' lang='lat' dir='ltr'>l</span> 
     </span>
    </p>

    <p class='ocr_par' dir='ltr' id='par_1_13' title="bbox 224 3649 1623 4126">
     <span class='ocr_line' id='line_1_36' title="bbox 341 3649 1623 3756; baseline 0.009 -37"><span class='ocrx_word' id='word_1_293' title='bbox 341 3671 344 3676; x_wconf 88' lang='lat'><em>·</em></span> <span class='ocrx_word' id='word_1_294' title='bbox 363 3652 587 3722; x_wconf 76' lang='lat' dir='ltr'>ttumarffius</span> <span class='ocrx_word' id='word_1_295' title='bbox 599 3649 800 3726; x_wconf 84' lang='lat' dir='ltr'>devinciret.</span> <span class='ocrx_word' id='word_1_296' title='bbox 828 3651 1148 3750; x_wconf 80' lang='lat' dir='ltr'>Qodposleacum</span> <span class='ocrx_word' id='word_1_297' title='bbox 1162 3651 1298 3726; x_wconf 79' lang='lat' dir='ltr'>hicnon</span> <span class='ocrx_word' id='word_1_298' title='bbox 1313 3655 1467 3756; x_wconf 85' lang='lat' dir='ltr'>amplius</span> <span class='ocrx_word' id='word_1_299' title='bbox 1480 3655 1580 3744; x_wconf 60' lang='lat' dir='ltr'>easrtf</span> <span class='ocrx_word' id='word_1_300' title='bbox 1622 3665 1623 3676; x_wconf 64' lang='lat'><em>²</em></span> 
     </span>
     <span class='ocr_line' id='line_1_37' title="bbox 366 3749 1561 3856; baseline 0.009 -39"><span class='ocrx_word' id='word_1_301' title='bbox 366 3769 542 3847; x_wconf 83' lang='lat' dir='ltr'>quentaret</span> <span class='ocrx_word' id='word_1_302' title='bbox 552 3749 641 3834; x_wconf 86' lang='lat' dir='ltr'>loca,</span> <span class='ocrx_word' id='word_1_303' title='bbox 655 3751 774 3824; x_wconf 63' lang='lat' dir='ltr'>relicto</span> <span class='ocrx_word' id='word_1_304' title='bbox 784 3750 924 3850; x_wconf 85' lang='lat' dir='ltr'>pastoris</span> <span class='ocrx_word' id='word_1_305' title='bbox 939 3777 1077 3824; x_wconf 85' lang='lat' dir='ltr'>munere</span> <span class='ocrx_word' id='word_1_306' title='bbox 1089 3801 1099 3834; x_wconf 95' lang='lat'>,</span> <span class='ocrx_word' id='word_1_307' title='bbox 1110 3778 1177 3824; x_wconf 93' lang='lat' dir='ltr'>non</span> <span class='ocrx_word' id='word_1_308' title='bbox 1188 3757 1238 3825; x_wconf 92' lang='lat' dir='ltr'>ita</span> <span class='ocrx_word' id='word_1_309' title='bbox 1248 3759 1366 3856; x_wconf 90' lang='lat' dir='ltr'>potuit</span> <span class='ocrx_word' id='word_1_310' title='bbox 1375 3755 1561 3830; x_wconf 78' lang='lat' dir='ltr'>commode</span> 
     </span>
     <span class='ocr_line' id='line_1_38' title="bbox 224 3849 1577 3960; baseline 0.002 -37"><span class='ocrx_word' id='word_1_311' title='bbox 224 3860 328 3910; x_wconf 54' lang='grc' dir='ltr'>Μὰ·</span> <span class='ocrx_word' id='word_1_312' title='bbox 415 3852 493 3945; x_wconf 79' lang='lat'>§5.</span> <span class='ocrx_word' id='word_1_313' title='bbox 518 3849 574 3923; x_wconf 91' lang='lat' dir='ltr'>Sic</span> <span class='ocrx_word' id='word_1_314' title='bbox 585 3869 788 3947; x_wconf 87' lang='lat' dir='ltr'>annor542.</span> <span class='ocrx_word' id='word_1_315' title='bbox 816 3855 970 3954; x_wconf 86' lang='lat' dir='ltr'>apparuit</span> <span class='ocrx_word' id='word_1_316' title='bbox 981 3850 1283 3953; x_wconf 84' lang='lat' dir='ltr'>Constantinopoli</span> <span class='ocrx_word' id='word_1_317' title='bbox 1295 3855 1456 3958; x_wconf 87' lang='lat' dir='ltr'>luporum</span> <span class='ocrx_word' id='word_1_318' title='bbox 1469 3859 1577 3960; x_wconf 79' lang='lat' dir='ltr'>ingens</span> 
     </span>
     <span class='ocr_line' id='line_1_39' title="bbox 224 3921 1579 4126; baseline 0.007 -110"><span class='ocrx_word' id='word_1_319' title='bbox 224 3921 343 4031; x_wconf 42' lang='lat' dir='ltr'>Silili*</span> <span class='ocrx_word' id='word_1_320' title='bbox 365 3948 488 4035; x_wconf 87' lang='lat' dir='ltr'>turba,</span> <span class='ocrx_word' id='word_1_321' title='bbox 505 3949 630 4025; x_wconf 86' lang='lat' dir='ltr'>incolis</span> <span class='ocrx_word' id='word_1_322' title='bbox 649 3946 754 4052; x_wconf 86' lang='lat' dir='ltr'>usque</span> <span class='ocrx_word' id='word_1_323' title='bbox 764 3951 850 4026; x_wconf 84' lang='lat' dir='ltr'>adeo</span> <span class='ocrx_word' id='word_1_324' title='bbox 859 3949 981 4026; x_wconf 85' lang='lat' dir='ltr'>infesta</span> <span class='ocrx_word' id='word_1_325' title='bbox 992 3954 1174 4054; x_wconf 82' lang='lat' dir='ltr'>noxiaque,</span> <span class='ocrx_word' id='word_1_326' title='bbox 1193 3959 1579 4126; x_wconf 53' lang='lat' dir='ltr'>utinvffld⁰m⁰ffi</span> 
     </span>
    </p>
   </div>
   <div class='ocr_carea' id='block_1_3' title="bbox 0 0 1646 4444">
    <p class='ocr_par' dir='ltr' id='par_1_14' title="bbox 0 0 1646 4444">
     <span class='ocr_line' id='line_1_40' title="bbox 0 0 1646 4444; baseline 0 0"><span class='ocrx_word' id='word_1_327' title='bbox 0 0 1646 4444; x_wconf 95' lang='lat' dir='ltr'> </span> 
     </span>
    </p>
   </div>
   <div class='ocr_carea' id='block_1_4' title="bbox 1611 4161 1623 4404">
    <p class='ocr_par' dir='ltr' id='par_1_15' title="bbox 1611 4135 1623 4404">
     <span class='ocr_line' id='line_1_41' title="bbox 1611 4161 1623 4404; baseline 0 -264"><span class='ocrx_word' id='word_1_328' title='bbox 1611 4161 1623 4404; x_wconf 60' lang='lat'>,</span> 
     </span>
    </p>
   </div>
  </div>
 </body>
</html>
