3276 4444
341 153 416 260 478
755 143 1318 256 DrMnsonurrz
1498 149 1547 226 w

341 279 444 382 ipsius
460 299 598 381 reperte
615 276 753 352 scrinio.
769 274 922 348 Erantad
932 269 1159 350 hacloenrinae
1177 297 1248 345 non
1265 269 1436 374 ignobiles
1453 299 1557 375 ,quz

346 381 473 482 prolem
501 403 614 452 recens
645 397 758 448 natam
781 397 849 446 nun
880 373 954 446 aliis
963 371 1182 447 involvebant
1200 369 1334 454 fasciis,
1348 379 1449 472 quim
1484 380 1557 452 rius

346 479 445 552 sacris
463 473 831 580 Magdalennssrucia
850 472 1004 546 manibus
1033 473 1249 546 concredatis
1269 401 1555 576 consecrarique.

346 583 475 676 Neque
483 577 549 652 leva
562 575 617 650 bic
627 572 689 648 fibi
700 570 858 672 applausu
868 569 1021 671 placebat
1031 567 1199 646 universus
1216 570 1276 642 ille
1286 573 1490 646 monialium
1500 601 1557 649 or-

346 675 412 755 do,
433 675 598 775 quicquid
614 671 891 752 illudlanstitatis
901 692 971 744 trat
983 719 994 752 ,
1005 665 1286 744 sanetiffimaesuae
1296 673 1451 774 Regula:
1461 699 1554 747 acce·

347 795 443 873 ptum
459 771 578 848 sermm
596 777 727 846 Interea
739 774 774 844 in
794 792 889 843 tanto
907 765 1089 872 infignium
1108 769 1356 868 doeiommque
1376 769 1558 848 hominurn

347 895 459 952 coetu,
495 877 593 948 uieas
613 872 804 946 daemonum
817 868 1015 968 imposturas
1033 865 1253 970 agnosceret,
1271 865 1338 942 fuit
1349 895 1456 943 nemo
1467 899 1477 948 ι
1489 896 1560 950 tarn

347 969 456 1044 denlaa
466 899 1557 1068 damnastenebraeaantahominumcaligo&caecitas.Tatritm

347 1095 461 1144 tamen
490 1098 552 1172 pro
570 1067 738 1142 ineffabili
755 1071 811 1138 lua
833 1065 985 1138 bonitate
1009 1063 1202 1138 sceleratam
1212 1065 1299 1138 hanc
1309 1067 1556 1166 hypocrifin&

317 1255 323 1268 Ι
347 1169 527 1244 satanicam
552 1166 703 1242 fraudem
727 1163 971 1238 nranilcstatam
986 1167 1095 1238 voluit
1103 1161 1173 1264 ipse
1183 1166 1303 1238 unicus
1321 1173 1485 1244 veritatis
1495 1175 1553 1244 Pa-

347 1297 434 1343 rens.
460 1271 566 1344 Annis
575 1273 688 1366 itaque
696 1264 857 1338 adminus
867 1267 1030 1365 tringinta
1045 1267 1081 1334 in
1107 1265 1397 1339 daernoniacailla
1416 1267 1555 1341 familia-

348 1373 448 1442 ritate
466 1371 591 1460 exastis
603 1371 615 1462 (
629 1365 809 1438 duodecim
827 1370 912 1437 verb
931 1362 1134 1436 monialibus
1152 1361 1362 1466 praefuerat)
1380 1368 1555 1468 Magdala.
1595 1367 1597 1370 ’

348 1496 425 1540 nam
438 1467 684 1540 anteat‘iavirta
698 1465 988 1561 coepitpoenitere.
1014 1465 1185 1558 roirca
1195 1462 1391 1538 diabolicas
1401 1465 1556 1540 detestata

349 1557 888 1644 artesaenefandamsoeierarem,
900 1559 1138 1638 Vilitatoribus
1160 1559 1307 1636 Ordinis
1318 1589 1406 1661 quos
1421 1590 1553 1648 vocant,

351 1669 411 1764 qui
421 1669 509 1736 circa
518 1663 552 1734 id
564 1684 695 1758 ternpus
707 1659 794 1732 force
805 1660 952 1742 aderant,
964 1683 1082 1760 praeter
1093 1664 1248 1732 omnium
1257 1665 1477 1760 opinionem,
1488 1662 1552 1738 sce·

347 1766 398 1835 lus
409 1762 495 1833 illud
506 1759 635 1858 insigne
645 1757 736 1830 ultrb
747 1757 879 1832 latetur.
904 1764 986 1832 Sunt
997 1781 1107 1836 autem
1119 1755 1192 1830 His
1209 1763 1266 1831 ani
1288 1763 1553 1836 nonmalaefidei

348 1867 384 1933 δι
396 1857 673 1960 infigniterdodli
688 1860 769 1954 ‚qui
779 1859 863 1928 mihi
873 1881 1071 1942 narrarunt,
1091 1786 1330 1958 Magdalenarn
1341 1861 1549 1932 animadver-

345 1957 421 2031 tille
439 1955 673 2031 conventuales
694 1952 766 2030 luas
787 1955 938 2028 fraudem
948 1950 1131 2055 suspicari,
1153 1951 1545 2030 &eacaul‘aseaecusan-

343 2059 440 2138 dam,
451 2081 488 2128 ac
500 2077 678 2154 propterea
687 2049 790 2128 scelus
805 2054 923 2153 sponte
934 2052 1155 2128 fassamfiriffe
1170 2081 1178 2126 :
1196 2059 1389 2155 cumprimis
1404 2056 1546 2156 quoda·

348 2155 417 2256 pud
427 2154 596 2255 Hispanos
608 2157 712 2228 moris
725 2151 780 2234 fit,
793 2153 815 2226 [ι
828 2157 905 2252 quis
916 2159 1043 2228 crimen
1053 2157 1144 2230 ultre
1165 2159 1369 2248 confiteatur
1382 2155 1552 2256 ‚ejusdem

347 2250 571 2328 remiffionem
582 2250 740 2352 consequi
752 2276 853 2324 reum.
924 2283 926 2287 ·
1039 2313 1042 2322 ,

395 2360 411 2444 §
437 2377 468 2448 3.
492 2357 616 2428 Mirari
633 2377 672 2424 at
691 2347 871 2451 stupescere
891 2371 963 2422 turn
983 2371 1101 2422 omnes
1115 2355 1164 2423 rei
1187 2355 1343 2427 novitate
1355 2350 1551 2452 ‚risumque

236 2489 240 2498 ·
349 2447 1134 2556 negociumexaciiffirnainquifitionedignum.
1165 2455 1211 2522 Ea
1228 2477 1268 2524 ut
1291 2451 1548 2526 commodius&

348 2545 507 2655 legitimo
528 2551 809 2622 administraretur
825 2548 967 2630 ordine,
984 2549 1020 2617 in
1039 2549 1159 2620 eodem
1181 2554 1389 2628 monasterio
1399 2555 1555 2626 incarce-

349 2677 418 2723 rem
440 2649 568 2722 includi
583 2649 719 2744 jubetur
740 2647 958 2747 Magdalena.
985 2650 1168 2743 Inquiritur
1187 2647 1328 2723 demum
1345 2651 1555 2726 :illafatetur

349 2749 492 2848 fingula:
504 2751 640 2820 interim
652 2749 668 2817 d
681 2743 746 2818 suis
756 2747 883 2818 artibus
895 2772 962 2816 non
972 2743 1098 2818 delistit
1109 2745 1326 2848 AEthiopieus
1337 2753 1401 2824 ille
1411 2751 1547 2824 daemon.

348 2853 529 2918 Enimvero
539 2871 642 2942 quum
652 2841 722 2943 ipsa
732 2843 936 2916 detineretur
949 2847 1078 2942 captiva
1094 2869 1266 2927 ‚carceres
1278 2849 1367 2923 foris
1377 2849 1543 2924 obsecran-

347 2948 438 3016 tibus
457 2944 637 3044 vigilanter
655 2943 814 3018 mr'nistris
828 2943 927 3022 ,dum
938 2943 1107 3038 aci-aillius
1118 2949 1358 3022 examinantur
1373 2948 1539 3032 ‚moniali-

348 3044 409 3116 bus
422 3043 502 3114 hora
514 3047 620 3116 noetis
632 3043 830 3118 duodecima
840 3043 882 3114 ad
894 3046 1073 3114 matutinas
1086 3068 1218 3141 preces,
1231 3055 1319 3144 quas
1331 3071 1458 3130 vocant,
1467 3045 1550 3118 ebo-

318 3197 320 3204 ,
348 3169 422 3214 rum
442 3167 485 3212 en
497 3167 591 3214 more
610 3137 759 3242 ingreffis
771 3191 782 3223 ‚
794 3165 834 3212 en
853 3140 1065 3250 Magdalenoe
1086 3137 1251 3240 l'pcdrurn
1266 3173 1362 3245 ,quo
1372 3143 1553 3224 illaalioltt

347 3242 651 3337 loco,inprirnarla
662 3240 1002 3339 quippechurilede,
1020 3241 1338 3339 conlpieiturflexir
1363 3245 1560 3346 genibnso-

347 3342 436 3412 tanti
447 3337 553 3410 simile
579 3388 590 3418 ‚
624 3335 772 3435 aliasque
782 3339 942 3411 moniales
957 3339 998 3410 ad
1008 3337 1182 3414 consuetas
1194 3368 1315 3439 preces
1325 3327 1561 3420 &kconc'tnnes

347 3441 524 3539 expediant
536 3485 547 3518 ,
558 3463 699 3536 quarum
711 3438 801 3508 nulla
812 3436 875 3510 fuit
885 3441 966 3536 quin
977 3437 1084 3538 ipsam
1093 3437 1159 3512 else
1178 3442 1431 3541 Magdalenam
1443 3450 1562 3522 crede

221 3542 223 3546 ’
347 3559 408 3610 ret.
433 3535 616 3609 Putabatur
634 3544 716 3609 verb
735 3536 940 3624 ealibtrtate
959 3563 1153 3628 communes
1166 3537 1370 3615 observandi
1383 3571 1511 3644 preces
1529 3556 1564 3622 δι

348 3658 554 3716 conventus,
575 3639 594 3708 a
613 3633 851 3711 Visrtatoribus
871 3637 996 3708 donata
1006 3635 1070 3710 esse
1081 3637 1127 3708 ob
1138 3635 1304 3741 insignem
1332 3669 1440 3741 qnam
1452 3647 1564 3745 praest

257 3785 259 3791 ι
346 3731 762 3831 serebatrefipiscentiarn.
788 3737 842 3808 Sic
852 3737 1023 3845 nodinrnis
1036 3737 1092 3810 his·
1106 3739 1325 3813 orationibus
1349 3738 1472 3814 solam
1482 3774 1562 3847 pa.

309 3878 312 3890 ·
345 3832 411 3906 fuit
430 3829 614 3933 sped'rrutn:
636 3833 875 3932 quibusfiniris
902 3885 912 3915 ‚
938 3834 979 3906 ad
990 3835 1083 3906 luam
1104 3837 1266 3934 qualibet
1278 3842 1566 3918 morracharediit

214 4021 218 4028 .
345 3933 522 4017 cellulam,
541 3931 615 4007 ausa
635 3933 774 4006 minime
794 3932 1036 4033 Magdulenarn
1055 3935 1183 4045 alloqui
1205 3937 1254 4010 ob
1275 3941 1428 4039 pristinae
1449 3943 1563 4016 existi-

1318 4105 1320 4109 .
1393 4043 1556 4114 marionis
