3238 4432
1 144 14 190 si

41 308 250 410 usurpatum.
292 303 439 404 Qodfi
459 308 620 382 acciderit
631 359 641 393 ,
653 331 690 383 ut
702 335 743 384 ex
761 310 864 383 altera
876 332 970 412 parte
980 312 1245 414 aequalemalurn

2 412 5 418 ’
38 411 221 510 objiciatur
241 413 474 522 &repugpet,
495 409 545 479 ira
555 433 674 516 nempe
686 409 751 482 alia
761 404 973 510 ejusdemque
983 415 1180 508 pervicacia
1192 415 1245 486 fu-
1311 473 1313 477 .

1 489 9 508 sb

1 523 13 534 ,a

345 193 425 242 ue
512 191 645 246 una
729 177 989 249 Lmen.
1176 205 1246 282 775

37 533 120 584 ror:
149 513 241 582 Turn
261 529 375 578 manus
396 529 484 577 tnter
504 498 537 580 se
556 509 787 591 conserentes,
806 533 845 579 ea
863 507 927 582 fibi
948 513 1245 616 mutuoinfligunt
1347 595 1352 607 ¹

37 611 229 704 mutuoque
238 608 421 706 patiuntur,
433 629 639 706 quecunque
648 631 706 678 eos
718 609 777 706 qui
788 603 848 679 sub
858 609 919 680 tali
930 607 1083 683 demone
1093 611 1242 687 mibtant

3 777 5 780 .
35 709 112 807 pati
123 702 380 776 consentaneum
391 702 451 775 est.

89 808 106 894 §
130 819 194 898 44.
218 809 353 878 Mutua
364 800 527 972 fipuidem
537 801 604 875 ille
613 799 809 878 offensionis
822 853 834 887 ,
852 805 1022 904 animique
1032 805 1239 882 irritationes

35 901 322 1017 abjediprimum
334 905 394 1000 qui
418 924 472 971 em
481 903 613 1018 exiguae
625 898 875 976 sunt&curatu
886 901 1238 1006 perfaciles:Tempo·

35 1027 84 1075 rts
96 1025 178 1074 veto
190 997 364 1108 progressu
376 1023 435 1100 per
445 1020 698 1072 contentionem
708 1000 1092 1090 auua‚‚immedicabiles
1105 1005 1238 1102 prorsus

1 1132 5 1194 j
32 1091 178 1174 e'vadere
197 1105 454 1174 consueverunt.
499 1099 672 1196 Quamdiu
693 1103 869 1198 enimqnae
890 1096 1022 1172 dissidio
1040 1097 1240 1176 oboriuntur
1287 1133 1290 1138 ·

34 1195 213 1272 calumniae
232 1199 346 1272 locum
366 1196 566 1282 habuerint,
588 1199 717 1276 tamdiu
736 1199 940 1298 suspiciones
959 1201 996 1270 in
1006 1200 1099 1297 pejus
1122 1205 1238 1302 augeri
1274 1267 1276 1272 ,
1383 1187 1393 1212 ⁴

1 1336 3 1343 ·
33 1293 236 1369 neceffeest.

83 1399 102 1482 §
126 1412 190 1489 45.
217 1396 253 1469 Si
271 1396 377 1495 igitur
397 1393 524 1470 videris
544 1394 715 1468 hominem
728 1399 778 1470 ira
796 1397 962 1496 percitum
982 1391 1056 1467 suos
1077 1419 1237 1470 exacuere

32 1492 175 1574 dentes,
201 1515 278 1572 eum
296 1518 378 1592 apro
398 1493 602 1594 persimilem
614 1519 750 1596 reputa,
776 1493 870 1594 quod
888 1496 1084 1566 interiorem
1104 1498 1237 1569 iracun-

33 1589 129 1664 diam
138 1591 291 1665 dentium
303 1596 419 1665 attritu
429 1590 626 1666 subindicet.
672 1599 711 1666 In
722 1591 953 1691 hujuscemodi
972 1596 1061 1664 enirn
1081 1598 1237 1666 certami-

31 1687 137 1762 nibus
157 1689 344 1790 improbis,
367 1689 517 1766 miserior
525 1692 584 1785 isle
601 1691 648 1765 est
657 1697 713 1768 cui
733 1690 849 1768 vicisse
867 1693 1034 1792 contigit:
1061 1695 1236 1788 Qoniam

30 1787 112 1886 plus
123 1784 234 1862 secum
246 1791 377 1891 peccati
386 1811 545 1890 reportat.
1135 1881 1137 1886 ι

83 1891 101 1976 §
125 1895 185 1982 46.
213 1893 341 1966 Contra
363 1885 546 1990 serpentem
574 1889 671 1961 illum
690 1886 852 1960 duntaxat
869 1886 1052 1962 iracundiae
1080 1909 1145 1962 tuae
1164 1893 1236 1964 vina

30 2007 144 2057 exere.
190 1987 287 2087 Quid
295 1991 386 2060 enim
393 1989 516 2087 justum
535 1986 691 2060 reddedit
708 1985 879 2060 Phinees?
902 1989 975 2084 Qui
995 2012 1071 2058 cum
1083 1991 1135 2062 vir
1155 1989 1236 2062 esset
1338 2069 1342 2084 ,

30 2083 189 2159 moribus
209 2091 357 2160 maxime
381 2086 556 2167 modestis,
576 2109 677 2184 atque
687 2082 898 2167 mansuetus,
914 2087 974 2157 ubi
993 2081 1233 2159 scortationem

30 2183 185 2254 Zambre
198 2193 236 2257 δι
248 2184 484 2258 Madianitidis
504 2183 638 2281 publice
658 2183 814 2282 nullaque
826 2209 902 2255 cum
921 2182 1122 2257 verecundia
1142 2189 1235 2256 com'-

27 2277 168 2353 missam
181 2282 289 2365 videt,
300 2280 380 2381 ipsis
390 2282 549 2355 indecens
559 2280 623 2354 suae
633 2281 851 2382 turpitudinis
862 2279 1083 2380 spectaculum
1096 2285 1235 2356 minime

31 2379 297 2462 occulentibus,
319 2381 356 2452 id
376 2380 519 2481 amplius
528 2377 615 2454 serre
626 2407 693 2454 non
706 2381 845 2463 valens,
864 2378 1028 2452 ambobus
1039 2379 1134 2451 srmul
1146 2367 1235 2454 basta

30 2474 212 2576 perfoffis,
233 2482 269 2570 in
278 2478 430 2552 debitam
441 2484 594 2580 prorupit
604 2485 698 2553 iram.
745 2479 834 2552 Elias
845 2503 927 2552 vero
938 2479 1066 2550 zelotes
1077 2480 1236 2576 quadrin-

24 2582 415 2746 gentosquinquaginta
434 2579 704 2678 turpitudinis&
726 2575 872 2651 insamiae
891 2574 1060 2650 sacrificos
1081 2577 1234 2670 lucorum
1264 2667 1266 2670 Α

57 2675 199 2747 emensa
209 2679 346 2774 Jezabel
366 2677 604 2761 comedentes,
624 2677 852 2776 premeditata
869 2676 1092 2776 prudentique
1102 2678 1234 2747 iracun-

20 2771 94 2848 dia
112 2773 149 2842 in
166 2777 272 2849 totius
294 2778 411 2877 populi
421 2775 602 2850 Israslitici
616 2776 797 2848 utilitatem
806 2774 947 2847 occidit.
996 2777 1050 2848 Sic
1061 2774 1122 2855 fit,
1138 2796 1174 2845 ut
1183 2778 1233 2846 ira

26 2869 202 2945 bonarum
213 2869 437 2974 sepenumero
450 2878 622 2947 actionum
634 2873 676 2946 stt
687 2875 849 2948 ministra.

82 2973 99 3056 ἑ
121 2989 182 3066 47.
203 2973 381 3046 Libentius
391 2997 547 3073 praterea
557 2969 723 3073 quispiam
737 2972 850 3048 videat
862 2995 982 3070 ,quem
993 2966 1235 3042 amatirascen·

22 3089 112 3150 tem,
126 3095 229 3169 quam
242 3071 431 3145 adulantem
445 3070 677 3145 adversarium.
1146 3103 1149 3112 ’

82 3170 100 3254 §
125 3173 188 3264 48.
214 3173 332 3270 Itaque
342 3171 403 3244 bos
413 3173 540 3246 imitari
552 3171 736 3243 studeamus
748 3219 759 3252 ,
779 3188 1011 3268 nequecontra
1021 3192 1097 3248 nos,
1107 3163 1162 3238 sed
1173 3165 1233 3238 ad-

21 3263 144 3340 versus
154 3267 331 3344 diabolum
351 3292 482 3342 tantum
493 3270 699 3342 iracundiam
712 3293 874 3342 armemus
888 3265 1081 3349 ,ficoeleste
1092 3291 1233 3368 regnum

25 3357 161 3460 assequi
172 3367 313 3444 uelimus
333 3373 367 3442 in
381 3367 516 3445 Christo
526 3363 599 3465 Jesu
610 3369 764 3442 Domino
774 3365 908 3438 nostro:
926 3369 990 3450 Cui
1000 3364 1110 3467 gloria
1120 3371 1157 3437 δι
1170 3389 1233 3462 po-

25 3457 132 3532 testas
143 3487 217 3534 cum
227 3489 353 3541 aeterno
362 3471 432 3564 ejus
443 3489 552 3575 patre,
566 3491 605 3537 ac
614 3465 633 3536 s
629 3462 814 3538 andriffimo
824 3465 1085 3561 vivificanteque
1094 3459 1232 3559 spiritu,

23 3557 321 3664 nurtc&seinper,
335 3567 420 3639 &in
431 3563 539 3637 secula
548 3560 746 3646 seculorum,
759 3567 881 3644 'Amen
970 3573 974 3580 '

376 3777 864 3920 FINIRS.

670 4055 838 4164 Sssssz
1094 4060 1235 4156 Jotu-
1286 4151 1291 4162 Ι
