3184 4434
261 103 474 176 Eone.
541 105 1049 182 Nummum.

38 241 128 324 cele.
168 239 272 330 lude,
287 265 362 348 que
378 235 709 347 inpartiaacisebre
721 249 935 360 Quartana,
949 267 1069 328 contre
1082 267 1237 332 veterum

20 351 226 458 fiateutiac
243 345 488 448 emelioranda
508 350 698 448 ratmstem
718 380 727 432 ε
757 357 933 461 Itemque
953 354 992 434 in
1012 353 1135 438 morici
1153 390 1239 440 non-

35 463 140 547 nattis
147 455 404 574 pestilentibus,
415 457 583 546 nimirum
594 465 754 580 Angiue,
773 467 967 550 Pleuritide
980 523 990 556 ‚
1005 476 1041 552 ὅ
1054 471 1237 583 Peripneu·

17 576 179 668 monte,
195 591 326 684 preter
345 575 491 654 aliorum
519 597 594 658 tam
614 585 801 658 recentium
818 607 919 687 quem
931 579 1236 690 antiquorumpla·

36 691 136 776 cita,
165 685 218 766 ad
238 682 426 797 erepublica
438 678 633 794 Christiana
646 686 741 794 restem
758 698 910 771 maxime
922 689 1120 790 necessarie,
1140 721 1182 771 ne
1195 696 1236 771 in

35 798 81 877 iti
98 815 174 902 tam
191 824 278 880 ceca
289 795 642 905 rationeitposterum
660 798 880 900 conficiatur,
903 807 996 879 ime
1003 802 1235 915 sngulariin·

35 899 171 1013 darsiria
169 907 265 1009 sient
284 929 430 1018 natata,
444 907 566 990 ordine
578 908 664 988 item
665 907 878 1024 subjungere
887 907 1031 1010 nonfiem
1035 935 1233 1026 gravetur:

34 1023 159 1125 quue
169 1015 287 1128 sitella
308 1019 347 1096 iu
363 1018 444 1098 alt't'c
468 1015 617 1100 cmilibue
637 1021 763 1124 castius
794 1022 914 1128 iugula
931 1020 1094 1101 lucidiori
1106 1028 1235 1106 meretis

33 1132 134 1212 ecula
144 1129 403 1238 contemplandi
412 1129 610 1232 occastouem
614 1127 886 1241 suimioeslraffe
896 1131 1025 1214 videor.
1065 1135 1236 1251 Quodam
1361 1211 1364 1218 .

25 1259 200 1349 praterea
226 1231 440 1338 extrinsecus
461 1235 679 1345 observata,
710 1239 966 1352 &poteffimum
987 1244 1025 1321 in
1045 1244 1235 1351 clausorum

33 1368 216 1436 meatuum
228 1353 444 1434 naturalium
455 1345 989 1466 corattooepostremo'ameexot.
1017 1363 1237 1470 Queautem

34 1487 117 1544 ntea
128 1458 338 1575 diligentia,
354 1493 423 1572 qua
435 1465 486 1544 rei
495 1467 666 1554 veritate,
683 1495 748 1576 quo
761 1465 849 1546 arnt
861 1465 942 1568 ufic,
956 1493 1027 1576 qua
1038 1464 1148 1544 eciam
1164 1476 1235 1545 ret·

25 1571 175 1687 publice
192 1571 386 1666 utilitate,
414 1576 626 1690 intelligenti
648 1588 683 1662 &
702 1605 791 1684 aquo
806 1573 943 1656 Leiiort'
960 1573 1135 1687 judicium
1152 1576 1249 1686 per·'

37 1685 160 1768 mitto.
270 1711 272 1721 ·
383 1731 394 1744 -
474 1736 477 1742 -
626 1749 630 1758 .
966 1759 973 1776 ,

82 1794 337 1904 Qualecunque
353 1820 435 1874 vero
435 1795 498 1900 st,
512 1816 577 1878 tua
586 1799 628 1879 id
639 1775 913 1907 :amplitudini
945 1793 1238 1897 &comnaffirtibi
1260 1871 1264 1874 .

36 1907 356 2011 eaettet'societotique
366 1931 556 2013 nuncupare
569 1919 607 1994 εδ
619 1907 819 2014 consecrare
830 1901 945 1988 multo}
959 1907 1115 2010 decaustt
1127 1908 1234 1988 volui.

36 2019 217 2132 Inprimoi
234 2019 365 2104 autem,
377 2017 470 2124 quad
484 2016 725 2100 benevolentia
736 2049 791 2106 me
804 2043 867 2096 uon
882 2019 1023 2124 vulgari
1032 2073 1047 2114 ,
1058 2021 1160 2122 idque
1170 2037 1236 2096 tua
1292 2093 1295 2100 ,

28 2129 169 2318 aeme'
181 2129 437 2235 complexucſse,
454 2126 493 2205 ob
506 2129 620 2208 edoeos
632 2157 721 2206 meos
738 2127 781 2207 de
796 2122 980 2240 ‘t'raestigiti
996 2127 1181 2208 damonum
1193 2130 1235 2206 li·

82 2267 143 2318 os:
158 2239 219 2350 qai
231 2235 278 2341 us
293 2231 440 2318 ueadeo
448 2235 907 2346 adtuumseoerepalatum,
921 2233 1235 2342 vtdoiiiffimo'otuis

38 2351 155 2432 literei
165 2353 207 2434 id
217 2263 339 2452 telluri
347 2401 359 2440 ,
372 2367 677 2456 argumentumque
688 2349 738 2451 od
749 2375 864 2428 eoram
877 2344 1066 2444 auiiianem
1083 2360 1119 2433 &
1130 2375 1237 2432 orna-

39 2481 193 2544 mentum
198 2455 425 2567 fitppetlo‘tare
435 2485 501 2540 non
514 2462 718 2569 dedignatus
719 2458 846 2566 ficum.
890 2463 979 2538 Huc
990 2456 1136 2548 accedit,
1146 2455 1241 2570 quod

38 2591 150 2682 nuper
166 2585 206 2656 o'a
260 2572 495 2650 aermonolr'um
510 2592 608 2656 tuum
617 2590 744 2682 proter
762 2567 947 2672 opinionem
959 2566 1149 2660 Embrico,
1178 2566 1237 2648 ubi
1284 2603 1287 2610 ·

24 2688 134 2784 form
151 2674 251 2766 aot-b·
274 2682 444 2789 liupolium
456 2684 672 2764 diverterem
686 2715 706 2766 .·
720 2681 928 2762 incitato:
965 2707 1063 2785 quem
1078 2677 1234 2788 ‘evestigio
1298 2729 1303 2745 «

39 2810 191 2906 emptum
203 2789 308 2874 tauta
320 2787 499 2878 aviditate
518 2803 554 2876 &
568 2793 684 2894 'sotto
703 2791 796 2904 legi,
822 2807 864 2868 at
876 2787 983 2871 noHt'o
1002 2793 1235 2899 quietemsere

41 2901 481 3016 bacnomineneglexerim.
523 2904 637 3013 Vsque
648 2902 734 2983 adea
746 2903 833 2981 enim
847 2903 979 3006 placuit
997 2902 1238 3012 reiargumen·

42 3015 285 3129 temptetatt's
296 3013 449 3123 offetiuc,
461 3015 629 3094 orationis
640 3015 826 3122 elegantia,
841 3005 1053 3118 &irrsiruiia
1064 3014 1101 3090 iu
1116 3032 1238 3092 utran-

44 3147 247 3240 quepertem
262 3125 467 3236 disceptatio,
478 3128 536 3206 vel
536 3129 659 3236 patius
669 3123 815 3226 modesta
825 3121 983 3202 collatio:
1013 3142 1160 3232 nequem
1175 3152 1236 3204 an·

48 3259 109 3321 tea
129 3251 306 3327 anatem,
329 3240 472 3318 colerem
494 3225 537 3322 Cr
558 3263 751 3324 revererer,
759 3229 1239 3344 jamolservantiaompliori

53 3350 196 3463 dignum
209 3345 399 3454 censerem:
429 3353 466 3428 E
465 3349 511 3450 tfi
516 3349 667 3456 quadam
667 3347 874 3448 stmutonter
892 3343 929 3422 in
943 3373 979 3422 eo
989 3344 1150 3450 colloquio
1166 3345 1236 3456 agi,

48 3455 91 3536 ab
113 3443 326 3570 quoruntlam
342 3459 594 3564 morfiatem,
623 3485 693 3534 nou
708 3454 832 3558 oltufis
864 3450 1007 3532 naribus
1029 3457 1169 3553 olse'rcere
1178 3471 1239 3558 poe

53 3579 193 3648 turrim.
223 3573 273 3648 Et
285 3573 367 3652 licet
376 3574 443 3650 mei
452 3567 601 3648 nominis
617 3571 813 3646 memoriam
831 3587 904 3644 cam
918 3559 1123 3672 prosterni,
1140 3561 1239 3639 colla·

52 3679 149 3758 tione
169 3681 346 3794 indignam
356 3685 468 3790 fhcile
497 3678 674 3788 agnoscam
700 3679 851 3788 (qree'ppe
874 3675 934 3782 qui
955 3673 1137 3750 tenuitatis
1159 3691 1238 3780 pro·

42 3788 131 3896 pria
152 3795 322 3900 conscius,
355 3821 408 3872 me
440 3821 510 3872 meo
532 3795 686 3873 noverim
709 3789 830 3894 metiri
842 3783 969 3896 pede)¹
987 3803 1103 3862 tamen
1127 3791 1150 3860 c
1174 3803 1237 3860 tao

703 3897 846 3984 Ttttt
927 3918 937 3940 ·
1119 3895 1237 4002 Ampt.
