3210 4430
359 153 440 240 944
644 112 1260 198 lon·uu1tW1nra1

357 267 418 344 usu
428 259 644 364 perdurabis,
663 257 774 330 donec
791 251 939 339 cuticula
957 249 1128 322 munitum
1148 243 1224 320 effe
1236 245 1442 320 urinarum
1455 245 1557 324 [ωίι.

242 381 261 406 ·’
333 359 701 442 'ris.Eaverdinterim
712 354 915 457 quandoque
926 348 1193 434 movebitur,ne
1202 349 1247 421 in
1256 343 1554 424 sananoneeonms.

359 491 454 541 catur
470 459 765 558 impedimentum.
792 454 826 526 Si
846 445 1276 550 pelliculadutiorpostea
1285 448 1547 535 videbitur,oieo

358 558 799 663 amygdalarumdulcium,
818 553 873 640 ¹vel
884 542 1152 651 butyroinsulso
1160 548 1297 648 tepido
1312 549 1554 630 introrsum'dii-

358 687 459 742 uetur
468 659 664 758 aliquoties.

711 835 840 975 Claufi
858 839 946 949 Ani
971 825 1155 967 [matu.

458 1089 461 1098 ·
493 1045 565 1117 Nu
576 1067 605 1116 u
622 1043 705 1116 item
723 1035 930 1115 concrevisse
948 1033 1075 1108 infanti
1092 1043 1263 1110 recenter
1280 1059 1384 1123 nato,
1406 1038 1554 1112 meminir
1601 1069 1603 1132 ᾗ

365 1045 486 1272 A
497 1143 641 1243 vestigio
650 1165 761 1215 tamen
773 1141 905 1309 exipuae
922 1135 1048 1211 fiffurae
1062 1137 1198 1238 liquori
1217 1135 1482 1213 transmittendo
1494 1139 1559 1210 ido·
1602 1137 1603 1172 ³

490 1243 706 1316 neaerelidio.
733 1244 813 1314 Hoc
844 1240 1056 1336 opimentum
1073 1239 1118 1308 ad
1134 1235 1266 1332 justam
1286 1240 1449 1312 naturalis
1464 1242 1558 1312 hiatur

366 1335 568 1416 divisionem
579 1339 797 1416 dissecabatur
807 1337 962 1412 sorficula
973 1368 981 1409 ε
992 1335 1091 1430 cujus
1102 1335 1311 1410 inferiorem
1331 1339 1497 1437 cuspidem
1510 1363 1560 1436 per

336 1483 340 1490 ·
366 1440 499 1515 diuum
517 1441 672 1516 foramen
687 1440 939 1512 immittendam
955 1437 1049 1538 prius
1064 1436 1255 1536 abrumpi,
1275 1437 1509 1540 obtundique,
1526 1463 1559 1510 ne

368 1540 623 1626 laederetacies,
644 1540 799 1640 oportuit
812 1569 821 1611 :
832 1539 955 1610 deinde
965 1534 1178 1636 interpofitis
1191 1539 1431 1612 exiccantibus
1449 1538 1558 1636 (reiut

370 1639 563 1740 pulvisculo
579 1639 747 1726 rosarum,
767 1637 965 1736 bedegaris,
984 1635 1144 1710 bolicum
1153 1637 1321 1713 aluminis
1339 1638 1406 1715 usti
1423 1662 1560 1736 momen·¹

263 1779 269 1811 a
372 1738 678 1830 ro)facileabsolri
689 1738 960 1837 potuitcuratio.

582 1947 878 2082 Drglutitarum
901 1949 1142 2054 Aciculoum
1165 1929 1351 2072 (aratro

469 2145 532 2218 Ro
542 2172 597 2220 nn
607 2148 761 2246 quadam
772 2141 1506 2245 foeminainfentemcuraturabuieidnrpii,
1523 2144 1560 2218 in

346 2249 351 2258 ’
466 2245 600 2320 Martio
609 2248 689 2320 anni
699 2243 1008 2348 sexagesimiquarti
1018 2249 1120 2346 supra
1130 2244 1480 2346 sesquimiiiefimum,
1498 2248 1559 2318 au·-

460 2344 887 2432 eulasorererentasduar,
905 2373 1006 2420 unam
1016 2371 1199 2447 magnam,
1216 2347 1351 2418 alterum
1371 2349 1555 2436 minorem,

370 2465 510 2542 arrepto
527 2445 658 2521 infante
675 2471 777 2549 quent
794 2447 975 2547 inopinam
1002 2448 1040 2518 in
1058 2447 1177 2548 ignem
1194 2445 1341 2518 casurum
1359 2447 1566 2532 verebitur,¹

370 2537 466 2616 forte
483 2548 655 2646 deglutiit.
688 2547 879 2621 Horrebant
894 2538 1007 2620 autem
1018 2549 1174 2646 primum
1191 2545 1317 2646 aliquot
1329 2543 1458 2616 borisin
1474 2546 1551 2646 gula
1600 2583 1601 2608 1

370 2640 513 2714 circitur
522 2645 667 2740 palmam
682 2643 786 2719 latam
802 2646 863 2718 sub
879 2648 1042 2746 larynge,
1061 2673 1141 2719 cum
1151 2649 1266 2721 multo
1280 2645 1395 2719 dolore
1409 2654 1442 2718 bt
1456 2671 1553 2746 ungu

370 2735 453 2809 stiis.
481 2743 535 2815 Ad
552 2761 654 2844 quam
672 2745 810 2820 tandem
826 2745 1023 2833 accersitur,
1041 2769 1081 2820 ut
1099 2748 1190 2821 nibil
1202 2747 1273 2820 eibi
1290 2747 1455 2847 velpotus
1472 2747 1549 2847 prim

371 2837 604 2929 exhiberetur,
614 2844 717 2944 quim
726 2846 870 2936 incurva
879 2843 1008 2946 forcipe
1018 2847 1145 2946 exigua
1156 2873 1242 2922 mox
1257 2845 1389 2921 adferri
1399 2844 1551 2936 juffatrn·

371 2935 577 3014 tassemnum
588 2944 942 3044 illaeretrahipossent,
952 2947 1060 3021 vetui.
1091 2949 1165 3020 Vix
1183 2951 1226 3022 ad
1239 2943 1547 3050 telijastumdigres·

372 3033 448 3126 sur,
461 3039 741 3118 sorbitiunculum
755 3049 967 3146 propinatam
976 3047 1136 3148 intelligo
1158 3079 1166 3122 ε
1210 3076 1256 3122 ua
1264 3051 1299 3122 in
1310 3046 1545 3146 oebpbrgipar·

372 3157 423 3209 tes
433 3137 628 3230 inferiores,
647 3146 820 3244 paululum
831 3147 1120 3246 supraventriculi
1136 3077 1544 3246 oriiciumdeprimurtur.

369 3233 450 3309 Ubi
458 3245 712 3322 novocruciatu
728 3249 978 3349 pungitivoque
994 3247 1113 3322 dolore
1131 3251 1299 3337 excitato,
1311 3237 1544 3340 revocatusjuffi
1597 3249 1599 3276 ¹

365 3338 568 3413 ‘cerevifiam
586 3367 665 3417 curn
682 3343 854 3446 butyro&
871 3371 956 3445 pane
974 3345 1141 3434 secalino,
1160 3349 1362 3424 nostratibus
1379 3347 1544 3433 consueto,

370 3435 571 3541 craffiusque
595 3441 702 3515 inciso
727 3447 856 3518 hauriri
881 3445 1032 3531 affatim,
1050 3470 1155 3547 atque
1180 3477 1258 3522 earn
1275 3446 1436 3524 decubitu
1450 3445 1540 3519 eredo

370 3535 529 3614 somnum·
545 3567 682 3639 capere:
702 3541 865 3644 liquidem
877 3571 945 3620 nox
955 3567 1039 3619 erat.
1066 3549 1148 3619 Hoc
1158 3551 1265 3622 modo
1283 3548 1540 3620 aciculasadren-

369 3639 529 3732 tricuium
540 3643 756 3717 deturbatum
766 3646 809 3716 iri
819 3643 990 3742 sperabam
1004 3671 1129 3746 :quum
1146 3673 1203 3720 eas
1213 3647 1350 3734 infixas,
1362 3645 1543 3718 vomitubu

364 3741 1538 3848 partescontrahente,firmiusqueeonisuimpingente,tutbptrfru·

365 3860 421 3907 ces
431 3838 708 3939 reddipofl'e'non
719 3845 886 3918 viderem.
916 3844 1052 3945 Sicpost
1069 3845 1533 3929 noetismediumtertiauoo,

361 3935 458 4034 panis
469 3935 558 4014 illius
574 3945 728 4042 pondere
746 3942 927 4045 depreffae,
939 3947 974 4019 in
991 3947 1226 4022 ventriculum
1242 3949 1442 4026 resederunt.
1461 3938 1536 4012 lude

970 4081 975 4090 ·
1468 4062 1541 4116 tam
