3198 4422
215 185 1211 268 constantiniam

46 317 182 416 optime
192 317 396 414 compa&o‚
415 308 712 413 &supramodum
723 309 883 386 formoso.
918 313 1048 390 Fraude
1058 319 1213 418 cognita,
1300 341 1304 348 “

45 437 203 515 parentes
227 421 265 488 &
279 413 351 486 filia
363 437 439 492 cum
458 411 532 486 aliis
545 413 618 485 doli
635 407 778 486 consciis
799 410 1025 511 (quibuscum
1037 420 1212 487 noetuco-

43 509 223 586 messurum
243 533 334 592 erat,
356 536 396 584 ac
415 537 558 584 munera
571 511 614 584 ab
636 505 761 584 exteris
770 511 912 592 oblata,
938 514 1077 615 egregie
1087 513 1218 612 dilapie

44 611 154 706 data)
177 615 212 684 in
224 635 392 684 carcerem
407 608 502 682 ducti
514 659 527 692 ,
538 607 777 710 quaestionibus
788 607 917 682 subditi
932 605 1017 683 sunt.
1043 619 1165 687 Venter
1175 615 1209 684 in

45 715 247 814 preturium
267 709 309 782 ad
320 711 369 782 rei
389 707 588 782 memori-aru
599 707 749 787 delatus.
771 708 966 784 asservatur.
1013 716 1126 784 Mater
1148 711 1208 783 ad-

48 813 203 886 ueritatis
222 805 463 881 consessionem
484 811 623 882 torturis
645 807 762 880 adnata
785 856 795 887 ,
825 805 979 880 instinctu
999 808 1151 884 Sathanar
1171 813 1211 882 &

49 907 204 990 auxilio,
224 905 436 1007 quicquidid
457 903 539 980 essct
549 905 648 989 doli,
668 903 702 978 se
712 931 816 977 annos
835 930 980 1004 quatuor
991 905 1208 980 construxisse

48 1005 148 1081 causa
158 1009 273 1087 lucri,
295 1003 443 1078 saffacst.
487 1005 722 1082 condemnata
732 1004 979 1106 igitur,sra&to
989 1009 1079 1104 prius
1089 1006 1203 1088 collo,
1273 1015 1276 1022 '

46 1105 162 1208 palam
182 1103 230 1176 csl
251 1103 398 1176 flammis
419 1098 594 1206 absumpta
617 1131 627 1176 ε
657 1103 744 1179 Filia
763 1127 894 1186 autem,
918 1103 1095 1203 perforatis
1117 1103 1209 1205 prius‘

45 1207 165 1309 ignito
184 1202 274 1276 serto
284 1205 402 1306 genis,
422 1229 520 1275 muro
538 1199 685 1284 inclusa,
704 1203 748 1276 ad
768 1223 949 1303 perpetuos
961 1201 1117 1275 damnata
1137 1227 1211 1275 car·

47 1327 169 1376 ceres:
189 1305 311 1384 Pater,
328 1296 430 1403 quise
441 1301 484 1374 ab
495 1327 599 1374 uxore
611 1305 650 1374 &
661 1301 732 1373 filia
743 1301 891 1374 adillum
902 1301 994 1374 diem
1006 1352 1019 1384 ‚
1032 1327 1100 1400 quo
1113 1299 1155 1374 fla
1182 1305 1212 1372 i-

52 1405 143 1474 tium
164 1399 448 1484 manifestaretur,
466 1399 549 1474 dete
575 1421 647 1472 turn
665 1396 762 1472 fuisse
775 1449 792 1482 ,
809 1397 920 1472 sanate
939 1399 1127 1472 affirmabat
1139 1327 1213 1482 sli-

53 1497 138 1574 bere
148 1493 297 1572 dimissus
312 1550 323 1582 ,
341 1427 626 1599 quemadmodum
644 1503 682 1571 δι
694 1523 737 1570 ex
747 1495 885 1598 reliquis
897 1501 1039 1598 captivis
1057 1499 1211 1599 plerique

53 1595 205 1674 insontes
217 1597 366 1672 inventi:
395 1598 462 1672 Alii
474 1625 555 1674 vcro
566 1623 629 1698 pro
640 1595 756 1670 delier
792 1602 933 1672 raritate
946 1601 1073 1697 puniti.

107 1701 124 1785 §
149 1711 216 1789 41.
238 1699 315 1768 Huc
334 1699 581 1772 nonimrnerito
601 1695 741 1768 accedat
757 1623 795 1768 il
813 1695 906 1794 quod
923 1695 965 1768 de
1011 1696 1131 1770 undam
1140 1699 1211 1772 vit·
1231 1721 1348 1788 angae..

53 1793 334 1900 gineAnglicana
354 1792 514 1880 refertur,
533 1793 664 1895 quaeob
683 1798 836 1867 continui
849 1795 968 1894 jejunii
981 1723 1127 1878 limam,
1149 1799 1344 1910 num?

54 1897 157 1968 minis
169 1889 248 1966 loco
259 1893 371 1968 habita
388 1891 632 1992 observataque
641 1887 707 1976 cst,
730 1915 767 1966 ut
781 1895 887 1996 Angli
906 1919 972 1964 non
993 1895 1062 1967 alio
1074 1899 1210 1968 nornine
1231 1913 1295 1958 nm

53 1995 150 2068 illam
171 1997 414 2095 nuncupatim,
431 2019 533 2094 quarn
552 1998 635 2067 Hali
649 2015 712 2064 mar
729 1993 889 2074 Mem,
910 1992 974 2065 hoc
996 1994 1064 2077 est,
1085 1989 1211 2067 sacram
1231 1987 1342 2084 {ffif‘

50 2096 220 2194 virginem
242 2090 529 2172 cantuariensem.
572 2097 658 2162 Haec
669 2089 831 2190 siquando
850 2091 993 2165 cibanda
1011 2091 1114 2174 esset,
1134 2117 1212 2165 ante

49 2187 225 2266 summum
234 2193 340 2262 altare
350 2193 464 2262 intem
491 2189 526 2261 lo
537 2189 716 2287 provoluta
726 2191 761 2262 in
771 2213 881 2293 genua
895 2215 1035 2292 ,panem
1046 2191 1212 2266 missalem

53 2287 183 2361 exalto
203 2286 294 2386 quafi
307 2289 442 2359 toelitus
453 2218 706 2362 discendentem
727 2291 769 2362 ad
788 2289 889 2390 ipfius
901 2317 940 2363 os
960 2294 994 2362 in
1013 2291 1211 2364 alimoniam

54 2385 230 2467 sumebat,
256 2385 330 2460 aliis
342 2390 378 2458 in
390 2385 506 2486 templi
518 2401 610 2489 parte
620 2387 744 2486 pollica
756 2389 954 2462 miraculum
973 2389 1139 2490 religione
1149 2387 1214 2462 srn·

81 2487 193 2570 ulmi,
212 2487 285 2558 imo
295 2486 337 2558 ad
349 2485 514 2584 stuporem
524 2483 761 2586 spedantibus.
799 2493 875 2561 Hac
885 2485 1214 2588 solaspiritualiesca

52 2513 226 2661 sustentari
237 2581 296 2666 se,
313 2590 352 2656 δι
366 2583 454 2656 bona
463 2585 529 2658 frui
550 2585 762 2668 valetudine,
781 2589 866 2658 citra
877 2587 1092 2662 ultiusvieus
1104 2577 1212 2658 accesa

57 2685 211 2765 sionem,
231 2683 462 2788 gloriabatur:
483 2687 671 2758 Interim&
691 2683 854 2784 insignem
866 2711 1000 2785 quoque
1022 2689 1213 2760 vitainno·

55 2784 205 2855 centiam
218 2779 423 2854 sanititatem
450 2809 489 2864 ue
500 2809 569 2884 praa
584 2781 618 2860 se
635 2781 784 2865 serebat,
798 2807 915 2856 uttam
926 2792 945 2858 a
957 2791 1102 2886 Rege&
1114 2787 1211 2888 regni

54 2877 268 2984 primoribus
279 2931 290 2963 ‚
300 2906 401 2978 quam
413 2809 455 2954 ab
466 2882 540 2955 aliis
551 2879 694 2980 cujusvis
704 2881 833 2954 ordinis
848 2881 1040 2956 hominibus
1052 2877 1216 2985 religiose.

55 2979 262 3054 visitaretur.
298 2984 377 3054 Nec
387 2981 805 3082 exiguitemporis,a&us
817 2979 911 3078 hujus
923 2979 1143 3081 suitepitasts.
1166 2989 1213 3056 At

55 3079 140 3178 quid
159 3079 226 3151 fit?
251 3077 550 3173 Qemadmodum
564 3073 753 3178 justissimus
765 3084 859 3152 Deus
880 3079 921 3151 ad
941 3103 1212 3178 quarumcunque

55 3176 248 3252 illufionum
269 3173 435 3251 sacrarum
446 3169 631 3278 prestigias
651 3203 718 3249 non
741 3202 800 3276 per
824 3197 904 3252 etuo
914 3183 1095 3255 connivere
1105 3176 1189 3251 solet
1201 3225 1220 3260 ,.

57 3273 783 3374 fictand‘em&huicsabulaecatastrophem
843 3279 916 3350 tuit.

109 3379 125 3462 §
148 3400 210 3470 42.
235 3375 593 3476 Qaproptersrnistra
605 3373 792 3474 suspicione
806 3379 897 3478 Regi
909 3377 1057 3476 injeeia,
1074 3377 1216 3472 exejus·

67 3469 144 3541 dem
156 3475 461 3546 mandatoinillam
472 3477 663 3574 inquiritur.
674 3477 794 3576 Legati
804 3501 839 3547 re
867 3477 892 3548 ii
903 3469 1216 3556 monasterium‚ubi

64 3567 126 3640 illa
135 3575 386 3672 tunctemporis
400 3572 613 3654 morabatur,
636 3569 794 3674 ingressi,
805 3503 981 3676 religionis
994 3597 1078 3671 ergo
1089 3596 1131 3641 eo
1142 3595 1217 3669 per·

59 3663 185 3743 venisse
194 3671 408 3766 putabantur.
458 3679 582 3748 Verum
593 3672 635 3744 ab
647 3669 822 3746 iisseclusa
831 3699 939 3754 mox,
959 3669 1217 3768 custoditaque,
1258 3703 1262 3710 ·
1319 3729 1330 3750 .

58 3764 184 3840 samem
196 3791 237 3838 ne
249 3767 396 3840 triduum
430 3771 543 3843 uidem
564 3773 694 3871 perpeti
705 3770 833 3846 valuit:
855 3767 920 3848 Sed
933 3793 1011 3866 qnae.
1024 3766 1159 3840 infirma
1170 3767 1217 3840 est

56 3865 332 3942 muliercularum
340 3797 520 3956 conditio,
540 3868 658 3946 dolum
679 3869 769 3944 haud
789 3867 967 3946 difficulter
975 3865 1021 3943 esi
1041 3865 1214 3941 confessa:

1093 3971 1236 4043 Panem·
