3198 4422
391 137 711 212 catur
806 143 958 218 xxtv.
1178 131 1350 244 743'

21 284 476 388 ficiatlsuolmpetatote,
498 288 635 387 quamsi
655 289 691 360 in
709 267 910 364 defectionis
929 293 1055 364 crimen
1065 273 1261 398 impegerit·
1300 291 1303 297 ⁸

23 395 226 495 gregarius
247 389 371 484 aliquis
397 388 529 460 miles?
554 389 676 462 ‘lertio
695 383 864 474 sciscitor,
890 415 930 460 an
950 391 1090 490 reliquis
1110 395 1247 494 paribus

54 490 158 562 allot
180 485 441 586 non‘delinquat
470 482 728 558 inexcusabilius
751 509 822 559 tum
850 487 897 560 ob
921 487 1247 587 reptael'entationem

71 589 255 660 blimiotis
277 583 451 684 persona,
470 605 541 656 tum
558 584 606 656 ob
626 581 837 670 scandalum,
861 613 961 686 quam
971 613 1056 660 unus
1072 589 1194 689 aliquis
1204 611 1254 664 ex‘

27 697 184 788 grege?
203 689 364 781 Qarto,
383 707 426 756 an
444 707 511 754 non
523 706 697 782 peccatum
708 709 750 756 eo
763 683 1158 792 censebitutindignius,
1177 715 1247 788 quo

30 787 157 887 plures
170 790 209 856 δε
230 783 501 857 vehementiores
519 781 711 884 conspirant
720 783 908 869 illecebra,
934 809 1036 884 quam
1055 783 1114 856 ubi
1134 791 1247 860 mino·
1299 839 1303 847 -

32 893 122 958 res?
150 885 312 981 Quinto,
331 905 374 953 an
384 905 451 952 non
469 883 601 980 turpior
614 881 654 954 fit
663 903 743 953 nota
764 887 894 982 peccati
914 887 1002 955 ineo
1046 887 1082 955 ui
1100 883 1253 958 haudita‘

31 981 173 1056 dudum
183 1001 282 1054 antea
299 983 536 1080 praemonitus,
559 1002 758 1052 nontamen
777 980 840 1053 stbi
853 1007 948 1056 cavet
961 985 980 1054 l
992 911 1254 1082 delinquendo?

29 1078 245 1164 Postremo,
266 1105 307 1152 an
319 1105 386 1151 non
398 1077 438 1150 ad
451 1076 646 1178 simplicem
660 1078 912 1154 ancillarum&
924 1079 1127 1154 famulorum
1139 1084 1248 1169 intera
1274 1085 1278 1094 ’

32 1182 263 1282 rogationem
282 1201 387 1252 terne
413 1201 553 1249 aretum
571 1181 759 1276 juramento
780 1179 1250 1278 berum,s1tpeccatumma-

31 1281 119 1379 jus,
144 1303 249 1379 quam
272 1205 416 1377 siquisb

37 1377 130 1450 mile
141 1381 357 1450 committat?
384 1375 556 1472 Ejusmodi
567 1375 855 1477 propositionibus
875 1372 999 1450 subscri
1026 1394 1136 1449 turum
1150 1401 1184 1448 te
1196 1403 1267 1452 at-.

38 1475 184 1550 bitror:
210 1473 400 1553 concludas
409 1501 495 1580 ergo
504 1475 599 1577 ipsts.
642 1403 1123 1551 ntrernoinaameadduua
1134 1473 1250 1548 existi-

40 1597 118 1649 met
137 1573 181 1646 ad
199 1584 243 1650 D.
256 1578 346 1649 Perti
364 1575 503 1673 apostoli
521 1574 791 1677 exaggerandam
812 1576 1095 1676 abnegationem:
1120 1574 1185 1650 Sed
1205 1573 1276 1647 ad·

41 1673 282 1775 castigandum
302 1699 359 1747 eos
380 1675 438 1774 qui
456 1676 603 1776 propriis
616 1675 743 1749 viribus
762 1669 1108 1754 tantumalscribunt‚
1131 1677 1168 1744 δι
1180 1699 1249 1746 non

43 1771 176 1846 divina:
194 1771 256 1847 soli
265 1778 408 1878 gratiae,
425 1799 494 1874 quo
505 1779 614 1848 minias
631 1777 667 1848 in
686 1772 832 1874 fingulas
851 1772 974 1854 horas,
993 1775 1065 1842 imo
1074 1791 1248 1845 momenta

46 1895 173 1944 nornen
187 1874 311 1950 Cbrtlii
330 1875 551 1973 abjuremus:
587 1873 722 1949 Deinde
739 1875 866 1953 etiam,
883 1957 885 1964 Ι
901 1870 995 1970 quod
1013 1868 1111 1942 srcuti
1129 1873 1247 1944 Petrus
1328 1863 1334 1876 ’

43 1964 112 2042 suae
132 1977 342 2072 poenitentiae
354 1980 545 2047 interventu
564 1969 758 2043 consecutus
777 1971 826 2042 est
841 1967 1122 2051 misericordiam,
1140 1971 1187 2039 ita
1207 1975 1246 2052 &

42 2073 174 2143 Lamiae
188 2078 227 2145 &
239 2097 301 2144 nos
319 2095 438 2143 omnes
448 2067 607 2140 mortales
620 2071 798 2165 impetrare
808 2091 965 2164 queamus
977 2073 997 2140 i
1007 2077 1086 2142 Deo
1105 2066 1248 2156 delisto-

44 2191 126 2238 xum
135 2165 374 2248 remissionem,
384 2167 542 2264 quamtis
551 2159 652 2235 semel
662 2187 761 2264 atque
770 2167 891 2236 iterum
901 2165 1135 2240 defecerimus.

98 2283 118 2368 9
150 2285 203 2349 16.
227 2281 390 2352 Tertium,
404 2299 476 2350 erat
498 2299 750 2376 argumentum,
778 2277 870 2378 quod
884 2275 1148 2355 fi'nthomicida.
1185 2284 1249 2356 Fa·
1267 2321 1384 2372 ,hu-„p

45 2397 150 2459 teor,
171 2375 195 2448 st
218 2374 399 2448 homicidii
417 2379 658 2450 convincuntur
670 2378 936 2462 ‚interficiendas
940 2383 1036 2476 juxta
1045 2379 1154 2482 legem
1167 2383 1248 2455 Mo·
1266 2387 1340 2438 Mi·-

47 2473 172 2550 sairam
196 2483 233 2551 δι
250 2479 306 2574 jus
320 2500 512 2548 commune.
555 2481 662 2576 Atqui
682 2475 857 2580 agnoscis:
881 2481 1008 2580 Striges
1025 2479 1183 2551 exhibete
1195 2501 1249 2553 res·
1268 2446 1378 2499 em

48 2577 226 2648 innoxias:
261 2579 354 2677 Ergo
373 2599 476 2672 quum
486 2573 555 2646 illa
573 2601 614 2646 tte
625 2575 727 2647 hilum
738 2573 872 2676 prorsus
882 2599 1045 2660 noceant,
1063 2575 1171 2648 multo
1182 2579 1249 2647 mi·

50 2696 114 2746 nus
131 2676 316 2772 periment:
345 2679 432 2748 Non
450 2675 719 2776 igitutpriminis
738 2669 895 2747 reaesunt.
939 2673 1085 2749 Proinde
1106 2697 1167 2746 nec
1186 2673 1248 2749 hac

50 2777 184 2846 tatione
202 2771 296 2843 deiis
319 2769 518 2871 supplicium
532 2775 650 2873 capitis
668 2769 753 2846 sumi
770 2773 883 2854 debet.¹
926 2777 962 2849 Si
981 2775 1133 2856 dixeris,
1153 2777 1248 2849 ineis

49 2869 1248 2971 necandielleanimum&voluntatem‚quamvisnontespondeatsut·

50 2969 152 3042 celsus
167 2997 175 3044 :
206 2968 273 3042 Etst
286 2970 339 3042 hic
361 2966 553 3070 responsum
566 2969 696 3044 abunde
714 2974 860 3068 putarim
871 2973 905 3041 in
916 2971 984 3042 fine
995 2973 1142 3070 proximi
1157 2975 1250 3071 capi·

51 3071 95 3140 tis
107 3088 246 3152 ,tamen
260 3069 326 3141 hot
337 3093 495 3168 praetcrea
504 3067 570 3140 tibi
579 3069 739 3167 objiciam
754 3070 957 3150 ,voluntatis
968 3069 1127 3142 delicium
1138 3075 1158 3142 a
1170 3077 1249 3144 Deo

33 3168 181 3266 .-puniri‚
202 3193 293 3250 non,
314 3168 373 3240 nist
393 3167 836 3269 inastumcoeperitditigi,
859 3168 1106 3267 d-magislratu‚
1128 3170 1250 3240 cuicx·

54 3269 170 3338 teriora
183 3265 298 3338 saltem
317 3263 608 3340 commissa'sunt:
636 3267 799 3364 Alioquin
810 3267 963 3365 quotidie
982 3293 1100 3340 eorum
1119 3267 1250 3436 alipuot

58 3364 217 3458 myriades
228 3363 270 3438 ad
278 3367 509 3438 carnificinam
518 3365 748 3446 traherentur,
769 3371 828 3464 qui
838 3363 982 3438 aliorum
992 3391 1106 3438 necem
1120 3364 1162 3437 de
1178 3365 1250 3437 rde-

58 3481 165 3532 rarunt
176 3467 213 3534 δι
226 3463 415 3536 voluerunt.

104 3577 119 3660 §
148 3601 199 3656 17.
224 3581 393 3684 Qartum
413 3591 672 3680 argumentum,
693 3576 955 3680 quod'sputcam
977 3577 1155 3650 libidinem
1172 3600 1248 3648 cum
1271 3603 1365 3678 ψει

58 3673 235 3745 immundis
247 3678 417 3772 spiritibus
430 3701 628 3762 exerceant,
648 3679 832 3778 plerunque
854 3689 891 3755 &
903 3675 962 3748 sub
974 3675 1182 3750 sottnacanis
1195 3701 1250 3748 aut
1269 3669 1363 3728 W·

58 3771 138 3843 bitoi
150 3771 253 3844 aliave
271 3771 388 3872 specie.
433 3781 532 3873 Qan
560 3802 636 3850 uam
651 3781 715 3848 hoc
733 3773 870 3876 copiose
881 3773 976 3874 supra
987 3799 1115 3874 cap,13,
1129 3773 1252 3848 confu-

56 3873 177 3956 tarim,
197 3871 390 3971 appendicis
403 3805 630 3950 -tamenloro
645 3877 754 3951 adhuc
774 3875 972 3974 subjungere
990 3874 1108 3960 volui,
1130 3876 1166 3948 in
1187 3872 1252 3944 boc

598 4023 601 4029 ·
1196 3993 1255 4044 me

418 1274 550 1350 exuosts
561 1281 690 1353 Satanae
702 1272 965 1377 persuasionibus
976 1301 1184 1362 excaecatus,
1207 1278 1250 1351 fi·
1307 1343 1316 1359 ,
1388 1295 1391 1302 ’
1503 1325 1505 1334 ·
