3276 4444
350 150 426 242 476
722 90 804 216 on
852 143 1202 232 Mltoonuar
1508 127 1570 217 VI

350 281 486 383 quando
502 281 745 380 poenituerint.
799 285 966 356 caeterum
986 270 1028 350 ab
1040 279 1134 378 hujus
1147 275 1272 352 fimetis
1291 296 1445 380 tempore
1463 285 1571 356 circa

348 407 469 453 annum
499 405 648 452 root.
698 375 914 479 sepulchrum
936 377 1000 448 hoc
1020 377 1192 450 collisione
1225 375 1348 451 ollium
1372 375 1575 457 &sudore

348 477 481 561 emisso,
492 474 621 586 semper
631 477 835 552 Pontificum
846 499 991 550 mortem
1003 474 1190 577 praedixiss'e
1200 475 1328 552 fertur:
1350 479 1430 550 teste
1438 485 1574 554 Mario
1620 524 1629 538 ·

347 583 470 651 Marco
481 577 645 674 Fryschio
655 576 821 650 Latibano
831 581 867 649 in
878 577 1047 678 Catalogo
1057 575 1311 677 prodigiorum.

344 754 587 868 Reſjpiscentti
608 751 906 864 &Remffouem
925 754 1136 867 consequutae
1152 737 1313 860 malefica
1327 695 1576 874 Magdalemr

438 871 586 962 Cruciae,
602 871 667 994 pel
686 875 712 950 d
732 881 859 964 cruce,
881 867 1051 982 Hispana,
1077 866 1461 971 lssonaadnirabiu.

797 1027 877 1098 CA
904 1047 942 1092 t.
1015 1033 1088 1093 vr.

284 1263 286 1267 ι
352 1159 598 1398 Accidit
618 1163 707 1232 circa
721 1183 842 1231 annum
854 1159 997 1232 Domini
1012 1115 1257 1254 1545.inutbe
1267 1131 1435 1232 Corduba
1445 1161 1573 1236 Bethi.

470 1286 529 1350 ,cae
543 1255 712 1357 Hispaniae
723 1260 917 1356 provinciae,
929 1281 980 1328 res
990 1259 1181 1350 nonminus
1192 1256 1329 1354 stupore
1365 1260 1571 1332 ulnadmi-

475 1360 617 1431 ratione
638 1353 780 1458 digna.
810 1355 924 1429 Puella
942 1352 1090 1428 obscuris
1111 1375 1188 1424 orta
1234 1361 1347 1428 arenti
1375 1385 1439 1438 us,
1457 1385 1569 1458 quum

350 1460 408 1529 vix
420 1459 572 1557 quintum
593 1479 707 1555 ageret
728 1481 871 1535 annum,
890 1454 1110 1552 aparentibus
1125 1476 1181 1523 aut
1190 1381 1259 1525 ists
1272 1459 1333 1550 qui
1343 1455 1494 1552 ejusdem
1509 1485 1567 1531 cu-

205 1561 322 1638 raquo
350 1581 420 1626 ram
441 1557 628 1658 gerebant,
646 1551 881 1626 monacharum
901 1552 1122 1628 contubernio
1143 1551 1420 1654 adjungebatur,
1448 1560 1568 1652 pieta.

184 1710 189 1718 .
205 1629 329 1733 :Jffl'
351 1657 394 1724 tis
405 1679 469 1733 ne,
489 1679 529 1724 au
541 1655 743 1751 paupertatis
754 1647 872 1731 causa,
893 1655 1078 1723 incertum.
1126 1654 1166 1720 1n
1176 1653 1308 1722 tantula
1318 1677 1416 1726 {etate
1428 1660 1467 1725 δι
1481 1681 1568 1754 pec-

200 1747 257 1808 fi⁶⁶·
350 1755 416 1821 cati
453 1751 563 1821 adhuc
600 1749 711 1822 nescia
745 1745 853 1848 (quaa
873 1745 1017 1822 abstrusa
1035 1747 1109 1820 sunt
1128 1751 1195 1822 Dei
1213 1750 1376 1845 judicia)
1404 1755 1564 1850 puellam

347 1844 538 1948 aggressum
567 1847 632 1936 else
663 1848 854 1918 daemonem
882 1843 993 1946 specie
1020 1848 1163 1920 humana
1188 1852 1350 1919 teterrimi
1372 1851 1559 1948 AEtltiopis

346 1945 509 2018 traditur.
563 1949 651 2042 Qtae
679 1948 758 2018 licet
789 1947 901 2042 primo
928 1950 1055 2018 intuitu
1087 1971 1154 2016 non
1173 1947 1256 2018 nihil
1272 1941 1525 2018 abhorresceret
1539 1999 1556 2030 ,

347 2064 459 2114 tamen
477 2043 651 2117 blanditiis
671 2053 707 2118 δι
741 2043 1046 2142 pollicitationibus
1068 2069 1207 2127 earum,
1229 2042 1340 2144 quibus
1359 2041 1454 2113 illam
1464 2069 1559 2118 aeta-

228 2217 237 2240 .
342 2161 412 2213 tem
430 2143 516 2215 affici
534 2167 672 2217 noverat
690 2165 858 2216 veterator
878 2143 937 2214 ille
959 2193 970 2224 ‚
994 2169 1068 2214 eam
1084 2146 1220 2218 tandem
1238 2149 1274 2214 in
1292 2139 1457 2216 familiare
1476 2146 1562 2218 eol-

342 2238 495 2342 loquium
516 2241 656 2343 pellexit
683 2241 884 2339 induxitque
902 2243 923 2322 ',
960 2247 1115 2315 cautione
1145 2243 1275 2342 semper
1304 2241 1418 2314 stricte
1440 2247 1563 2343 injuu.

342 2345 394 2413 &a
432 2391 443 2424 ,
487 2369 537 2414 ne.
556 2337 743 2439 hujusmodi
781 2339 974 2412 societatem
1005 2341 1162 2438 proderet
1188 2339 1381 2412 meticulosa
1411 2341 1557 2417 adbuc.

316 2444 319 2450 ’
341 2445 508 2539 Apparuit
541 2463 658 2513 autem.
670 2463 747 2511 toto
767 2439 831 2538 hpc
849 2441 1000 2536 ternpore
1045 2463 1152 2512 raecox
1165 2435 1167 2441 ’
1179 2443 1214 2510 in
1243 2441 1353 2539 puella
1370 2441 1558 2539 ingenium

341 2563 379 2610 ac
397 2540 532 2612 Indoles
553 2563 624 2611 rara
639 2589 649 2620 ,
667 2565 740 2638 quar
759 2541 884 2610 caeteris
897 2465 1087 2638 virginibus
1107 2561 1207 2638 atque
1225 2541 1331 2609 etiam
1351 2542 1563 2638 provestin-

340 2641 385 2709 ris
407 2643 513 2710 aetatis
535 2639 736 2711 monialibus
755 2639 841 2714 mire
863 2637 1164 2711 commendaretur.
1214 2640 1296 2707 Hoc
1314 2639 1440 2708 etenim
1461 2665 1565 2714 cum.

339 2729 457 2833 primis
479 2736 569 2806 titulo
588 2741 690 2836 genio
710 2732 810 2807 fuisse
827 2733 936 2805 studio
957 2734 1122 2840 videturi,
1154 2755 1193 2806 ut
1205 2736 1427 2832 juvenculam
1448 2787 1461 2818 ,
1490 2765 1557 2836 qna

338 2831 499 2905 universe
521 2831 691 2933 Hispania
708 2828 979 2906 illudere'voluit
999 2883 1010 2916 ,
1035 2829 1092 2905 suo
1108 2833 1266 2906 instituto
1285 2836 1443 2908 idoneam
1464 2859 1553 2906 con.

338 2927 531 3027 sequeretur
563 2983 571 3011 ‚
615 2950 713 3032 quam
743 2932 785 3002 ad
813 2931 989 3030 religionis
1010 2929 1301 3006 &sanetimoniae
1331 2933 1466 3036 speciem
1494 2937 1556 3026 ita

338 3027 565 3102 conformaret
592 3079 605 3112 ,
635 3054 672 3103 ut
692 3055 730 3102 ea
748 3035 878 3102 ratione
897 3055 971 3128 quae
1000 3031 1043 3102 ad
1079 3029 1243 3104 fallendos
1273 3033 1427 3106 mortales
1445 3037 1560 3110 unica

336 3126 465 3226 semper
491 3129 538 3199 est
558 3129 702 3212 habita,
725 3131 799 3204 voti
816 3128 949 3200 demum
970 3151 1109 3228 compos
1126 3130 1346 3203 redderetur.
1394 3133 1485 3203 Hine
1506 3133 1562 3210 ad

267 3223 272 3234 '
337 3251 460 3298 annum
492 3229 598 3299 aetatis
627 3227 866 3299 duodecimum
897 3225 967 3298 sere
1000 3223 1210 3329 progressa,
1243 3229 1287 3301 de
1305 3233 1472 3334 conjugio
1489 3229 1565 3308 sol-

335 3323 484 3397 licitatur
505 3335 523 3398 a
545 3324 715 3397 daemonio
736 3375 747 3406 ,
778 3323 810 3396 se
829 3323 995 3398 fastorum
1015 3329 1268 3424 promittente,
1301 3352 1426 3429 utlper
1442 3337 1565 3434 ,ttigin

242 3417 249 3434 ‘
333 3424 428 3512 ravel
441 3419 654 3520 nescioquod
673 3449 776 3494 annos
788 3425 956 3523 amplius,
975 3447 1014 3494 ea
1034 3421 1566 3534 sanditatisexillimationeper

331 3521 518 3597 universam
539 3519 701 3596 frueretur
721 3518 947 3620 Hispaniam,
973 3547 1037 3620 qua
1046 3549 1163 3595 omnes
1171 3519 1275 3596 facile
1287 3527 1341 3598 vel
1350 3524 1389 3598 su
1459 3557 1566 3616 atet,

333 3623 387 3694 vel
398 3623 490 3693 certe
503 3647 648 3719 :equares
661 3671 671 3703 ,
684 3623 743 3720 qui
753 3645 795 3691 eo
806 3621 913 3693 laudis
925 3645 1204 3722 genereunquam
1214 3623 1312 3698 suste
1321 3625 1394 3696 cele
1445 3633 1558 3703 trimi.

334 3721 388 3794 nb
398 3715 581 3813 illiusmodi
594 3722 780 3792 contrad’tus
791 3719 1005 3818 opinione,fi
1020 3721 1222 3820 quandoque
1231 3723 1448 3821 Magdalena
1461 3731 1563 3802 volu-

332 3822 449 3918 ptariis
460 3819 616 3892 ludibriis
628 3823 665 3892 in
675 3817 793 3891 cellula
804 3817 997 3919 indulgeret
1010 3867 1021 3900 ,
1032 3819 1114 3891 alter
1123 3819 1259 3893 daemon
1270 3821 1368 3920 hujus
1378 3819 1496 3930 spons
1506 3827 1562 3900 fa-

333 3917 466 4000 mulus,
485 3921 613 3992 interea
632 3923 795 4018 temporis
814 3919 852 4022 in
875 3942 960 3993 vetat
972 3917 1188 4020 Magdalenat
1211 3917 1328 3996 forma
1338 3922 1491 4022 ejuldem
1504 3931 1560 3996 ei-

320 4049 323 4057 ·
1313 4039 1316 4046 ’
1488 4044 1550 4092 ces
