3198 4422
201 101 371 182 .740
600 73 1173 154 nauanxxs

297 205 763 318 stupidatomdelusarumque
785 203 992 276 anicularum
1005 199 1230 275 eonseffione.
1262 204 1523 303 Atquaesaren·

298 337 367 398 rur,
378 311 431 390 vei
441 311 567 384 faciunt
579 309 718 387 euadat,
727 303 782 379 vel
792 299 911 403 sponte
924 329 933 375 ι
945 305 980 379 Si
992 307 1117 377 coadz
1129 353 1141 382 ,
1151 297 1332 374 consefl'ro
1344 305 1387 376 est
1396 309 1519 381 mutila

252 401 258 411 ⁵
299 417 341 486 du
358 411 478 484 nuliius
498 406 680 509 ponderis,
704 409 786 502 quia
802 401 1007 476 cruciatibus
1028 424 1173 474 tortutae
1193 403 1427 478 intoleralibus
1445 431 1514 479 ex-

298 505 412 610 pressa.
438 507 533 604 Qud
545 525 657 578 autem
667 499 1027 604 periculosius,.quam
1038 505 1075 576 in
1084 499 1287 574 diabolicis
1299 503 1517 606 negotiisstue

298 607 458 688 maleficii
474 608 597 706 patrati
607 601 769 685 testibus,
790 601 935 702 pendere
952 599 1072 674 saltem
1090 625 1137 671 ex-
1147 596 1361 672 conseffione
1371 603 1520 677 anus&-

299 728 476 786 mentatae,
500 707 640 803 pervim
650 697 810 802 expulsa?
833 701 953 777 Sileres
965 699 1054 772 haud
1064 699 1198 782 dubie,
1226 699 1387 774 findiffes
1398 703 1525 778 oieum

299 803 393 876 tibiis
405 803 542 876 illatum
556 799 689 874 infundi
699 798 830 874 fervens
844 796 1014 880 ,candelis
1024 798 1234 873 ardentibus
1246 802 1357 872 torreri
1365 802 1497 876 axillas
1509 853 1523 888 ,

300 909 338 976 δι
352 903 485 975 infinita
496 897 633 974 summae
651 899 818 973 barbariei
839 907 875 974 &
886 901 1112 986 immanitatis
1123 921 1309 971 tormenta
1328 904 1462 972 anteri
1471 906 1518 972 in

231 995 233 1000 ’
300 1002 488 1102 decrepitas
499 1001 652 1084 vetulas,
671 997 754 1072 ficut
772 1024 833 1070 nos
846 1002 881 1068 in
892 993 1106 1080 insontibus,
1126 1001 1262 1095 partim
1274 995 1512 1074 eriamdimiffis

301 1099 349 1174 ob
360 1104 588 1174 innocentiam
598 1126 641 1172 ex
652 1098 763 1170 nostro
775 1098 979 1197 patrocinio,
992 1090 1242 1193 spectavimus.
1280 1103 1319 1173 Si
1328 1095 1512 1198 spontem

303 1197 520 1301 impoffibilia
532 1197 606 1272 sunt
620 1222 693 1297 quae
705 1195 872 1276 fatentur,
881 1199 932 1266 uti
946 1195 1130 1295 grandines
1142 1197 1378 1293 provocasse,
1402 1203 1512 1298 perai-

304 1325 377 1374 rem
390 1296 512 1376 volasse
526 1347 538 1380 ‚
551 1301 585 1370 in
595 1295 716 1368 bestias
725 1291 758 1365 se
768 1291 864 1367 fuisse
873 1315 1131 1373 transmutatas,
1144 1319 1228 1364 cum
1241 1297 1521 1372 daemonibusne.

305 1425 420 1472 nerem
431 1391 613 1470 exercuisse
623 1403 684 1492 t&
697 1391 817 1465 fimilia
830 1418 838 1463 ε
868 1399 937 1464 Aur
947 1389 1097 1463 fatentur
1107 1417 1185 1491 quae
1197 1387 1298 1467 saun
1308 1391 1387 1468 sunt
1396 1393 1520 1498 possibi-

307 1498 405 1580 bilia,
417 1519 624 1572 utvenenum
635 1489 818 1566 exhibuisse
828 1490 941 1572 alicui,
951 1488 1008 1563 sed
1019 1514 1136 1562 tamen
1148 1516 1222 1561 nou
1234 1495 1287 1565 est
1297 1492 1517 1568 sadtumrAut

306 1593 453 1669 satenrur
463 1621 535 1693 quaa
545 1591 632 1665 sacta
642 1591 716 1664 sunt
728 1597 765 1666 δι
778 1591 856 1666 vere
866 1588 1177 1669 acciderunt‚ficuri
1187 1617 1231 1664 eo
1243 1595 1281 1663 in
1291 1592 1375 1666 ioco
1383 1595 1512 1694 aliqum

306 1695 430 1767 morbo
441 1689 813 1790 correptum‚insantcm
823 1687 1002 1772 interiisse,
1013 1685 1148 1788 segetes
1160 1692 1422 1789 tempestatibus
1432 1695 1517 1767 dam·

306 1815 384 1864 num
397 1785 588 1887 perpessas„
614 1783 785 1863 Confeffio
796 1789 901 1884 primi
919 1790 1053 1884 generis
1065 1815 1138 1860 non
1149 1793 1259 1888 potest
1275 1795 1413 1888 puniri,
1439 1797 1518 1890 quia

306 1884 548 1973 versaturcirca
567 1895 720 1960 didam:
745 1883 895 1959 Secunda
905 1887 1016 1958 multo
1026 1887 1153 1969 minus,
1166 1888 1252 1986 quod
1260 1887 1512 1966 caretcffcoru:

307 1987 425 2061 Tertia
436 2009 551 2056 manca
564 1984 612 2054 est
624 2030 635 2064 ,
656 1984 817 2082 quoniam
828 1981 1038 2072 diabolusex
1050 2009 1173 2063 eventu
1182 1989 1228 2058 rei
1235 1983 1343 2055 statim
1352 1986 1502 2060 inculcat

308 2081 502 2156 miserarum
514 2083 785 2156 muliercularum
795 2079 1017 2182 phantafiae,i
1044 2079 1094 2157 sas
1108 2083 1506 2183 seriumquodmcurdt-

254 2259 259 2262 ,
309 2205 359 2256 tet
370 2182 576 2264 fadummnr
585 2177 726 2280 ipsemet
737 2180 830 2254 fecit.
855 2187 899 2255 Et
910 2179 979 2254 haec
990 2111 1165 2286 eisrupes,
1176 2187 1219 2259 ad
1230 2210 1329 2285 quatu
1340 2180 1514 2260 offendunt

309 2277 365 2354 sua
375 2284 487 2381 capita
498 2283 757 2386 pleriquenimis
768 2277 972 2380 sanguinarii
977 2281 1172 2379 judicemur
1183 2283 1511 2359 animadverterent·

310 2379 607 2480 queantdaemonis
619 2377 831 2454 dialecticum
840 2373 1012 2479 sophisma
1020 2388 1135 2463 ‚Non
1145 2383 1263 2457 cauffae
1275 2409 1344 2484 pro
1354 2384 1460 2466 caussa,
1471 2405 1505 2454 ur

311 2477 751 2554 cumbarbarisbalbutiam.
774 2475 946 2552 ·Prose&o
963 2473 1089 2552 idfatis
1099 2487 1256 2566 evincit,
1275 2484 1403 2557 iilanuu
1411 2483 1502 2583 phan-

296 2577 426 2652 tastam
447 2605 529 2652 vana
549 2573 756 2675 persuasione
778 2576 945 2666 imbutam
969 2623 981 2658 ,
1004 2579 1100 2673 quod
1114 2579 1255 2682 ,sponte
1278 2591 1319 2657 &
1340 2583 1512 2658 voiuntarie

312 2671 495 2775 agnoscant
514 2671 597 2774 saepe
609 2671 719 2745 sotdus
731 2683 769 2748 &
781 2675 951 2749 mirabilia
969 2699 1044 2774 quat
1056 2675 1210 2755 faciunt:
1238 2684 1278 2756 si
1298 2687 1426 2756 etenim
1434 2679 1513 2784 sapt·

312 2793 408 2854 rent,
429 2775 577 2844 nontam
589 2793 746 2870 prompte
756 2772 937 2872 aliquando
948 2771 1269 2880 faterentur,quum
1281 2779 1504 2858 decatumnia

228 2927 231 2936 .
313 2893 441 2973 agatur.
507 2931 509 2936 ,

305 3055 313 3070 ·
361 2973 376 3057 §
407 2989 458 3038 11.
483 2971 611 3066 Neque
622 2971 859 3047 etiam-vetum
870 2969 915 3042 est
936 2970 1029 3070 quod
1050 2974 1243 3074 objicitur,
1264 2976 1508 3054 lamiassunmo'

197 3141 202 3154 ,
316 3067 423 3152 studio
433 3063 556 3138 scelera
565 3064 620 3140 sua
631 3089 768 3170 tegere„
787 3079 945 3168 tantaque
955 3067 1141 3145 constantia
1150 3081 1288 3178 negare
1305 3078 1404 3158 fam,
1421 3097 1497 3148 utne

338 3163 547 3237 uaestionibus
568 3165 702 3265 quidem
713 3165 852 3240 subdita
871 3167 1116 3253 confiteantur,
1135 3175 1338 3277 quantisper
1353 3195 1504 3248 conuenta

291 3191 399 3359 serre
418 3257 564 3362 possunt.
609 3269 825 3341 Contrarium
842 3292 908 3369 ego
927 3263 1042 3366 saepius
1054 3268 1298 3368 deprehendi,
1319 3301 1415 3378 quum
1430 3277 1512 3347 citra

316 3362 532 3462 quaestionum
545 3367 693 3532 rigorem
705 3366 795 3438 ultro
806 3362 971 3441 fateantur
981 3366 999 3438 d
1009 3363 1043 3438 se
1052 3365 1142 3440 facta
1154 3419 1167 3452 ,
1187 3397 1268 3472 quae
1280 3401 1347 3447 nec
1357 3372 1516 3449 sadasue-

316 3467 505 3543 re,imone
543 3465 576 3532 ui
601 3485 894 3542 emnaturarerum
931 3461 1216 3568 assafuisset,pro
1243 3479 1450 3546 terea&im
1493 3469 1514 3546 s

316 3559 435 3633 stbilia.
459 3488 558 3634 Unde
569 3560 651 3632 mihi
662 3587 729 3633 non
740 3565 846 3640 inanis
859 3489 1402 3662 suspiciomovemnadversarios
1415 3501 1492 3646 udo
1519 3624 1523 3634 .

318 3663 450 3760 ignotas
461 3685 671 3758 proponere,
689 3661 742 3736 vel
753 3685 892 3758 quarum
912 3661 1095 3736 admodum
1113 3687 1252 3739 tenuem
1270 3668 1410 3744 'habent
1427 3697 1513 3773 expe·

315 3761 484 3834 aientium.
509 3761 545 3832 Si
554 3783 695 3858 namque
712 3757 857 3859 ipsarum
868 3757 974 3836 sensus
992 3786 1059 3834 non
1068 3761 1186 3838 forent
1195 3764 1420 3856 effascinati,
1439 3791 1508 3844 cute

316 3855 391 3929 talis
402 3881 470 3928 non
488 3851 743 3957 consequeretur
756 3853 937 3969 consessura
962 3864 1007 3937 At
1017 3863 1128 3936 musto
1146 3869 1262 3968 magis
1271 3865 1389 3969 ipsum
1400 3871 1499 3943 fnum

469 3999 472 4005 ·
500 4001 516 4034 ο
565 4029 570 4034 .
1399 3964 1501 4066 suppri-
