3100 4430
245 201 1069 274 Co'nneurtrrrs.
1189 207 1348 298 763·

65 337 118 409 &a
128 385 140 420 ‚
154 355 192 410 ut
202 335 380 409 homiuum
401 331 607 408 aversaretur
625 330 862 433 conspeeturn,
882 337 901 408 a
921 353 1028 406 matre
1048 335 1263 420 cedebatur,

63 436 156 531 quod
165 435 282 538 egredi
292 429 467 506 recusaret.
499 432 645 506 Proinde
655 436 721 503 ait:
741 441 803 508 Me
815 440 909 508 Deus
922 431 1076 533 percussit
1089 463 1097 508 :
1111 439 1146 511 Si
1155 460 1262 510 mater

60 535 176 606 adhaec
186 559 242 605 me
254 531 427 610 verberare
438 553 574 632 pergat,
600 531 682 630 quid
702 553 773 602 tum
784 529 910 604 factura
920 531 990 604 sum
1003 532 1192 608 >insomnis
1202 537 1262 608 diu

59 631 267 733 permanfit‚
291 632 550 708 necoetodecim
561 627 756 730 septimanis
775 631 865 705 aliud
877 631 1026 734 gustavit
1042 660 1141 730 quarn
1154 661 1260 732 pauca

59 757 164 831 poma
176 732 279 814 tosta,
292 729 718 832 ptisanaeverocremorem
730 729 832 803 bibit.
857 735 967 830 Siquis
978 735 1155 830 inopinato
1165 759 1261 806 acce-

1 919 3 932 ³
60 831 143 904 dens
154 881 170 913 ,
184 831 438 929 eiloqueretur,
458 827 543 901 nihil
554 824 796 925 respondebat.
840 834 952 904 Tanta
964 853 1035 902 erat
1054 830 1196 914 macies,
1222 855 1260 904 ut

60 925 237 1005 cervicias
252 933 308 1000 ina
371 929 415 1001 lle
434 925 541 1000 solum
560 931 648 1000 tedia
667 924 927 1026 conspiceretur.
973 933 1022 1001 Ex
1042 927 1269 1003 commisera-a

58 1031 155 1117 tione*
163 955 299 1099 tandem
320 954 457 1108 divina,
485 1029 589 1097 animi
607 1027 889 1124 tranquillitatem
910 1025 1075 1110 assecuta,
1100 1031 1260 1128 paulatim

57 1128 230 1202 convaluit
242 1175 254 1209 ,
275 1135 388 1202 Deum
399 1128 669 1198 timens&mire
679 1125 848 1208 modesta,
870 1127 980 1226 qualis
992 1127 1100 1200 adhuc
1104 1133 1176 1226 jam
1186 1154 1262 1228 per·

58 1249 172 1298 manet
181 1223 356 1324 superstes.

109 1353 128 1414 ς
159 1361 176 1432 3
184 1361 214 1434 3.
240 1337 651 1437 Necpraetermittendum
673 1335 729 1410 hic
749 1335 901 1419 silentio,
928 1339 1094 1437 quendam
1105 1343 1140 1414 in
1159 1343 1258 1417 thoro
1273 1337 1388 1462 w

57 1437 232 1538 conjugali
250 1437 337 1536 apud
355 1461 494 1506 uxorem
504 1435 546 1506 ab
556 1442 723 1536 Hungaro
744 1435 853 1507 nobili
871 1437 1134 1536 deprehensum,
1164 1449 1203 1513 δε
1222 1447 1258 1518 in
1277 1417 1386 1528 aba„

4 1552 11 1564 “
55 1557 228 1608 carcerem
239 1557 417 1634 eapropter
430 1537 641 1631 conjectum,
660 1557 697 1605 ut
707 1533 795 1606 fame
806 1558 1005 1608 enecaretur.
1053 1543 1135 1628 Quo
1147 1563 1259 1618 autem
1277 1527 1368 1577 Μ

83 1659 170 1706 cenae
182 1637 338 1706 citiorem
348 1658 423 1706 reus
434 1627 691 1728 consequeretur
701 1633 802 1704 finem
816 1635 964 1734 ‚gallina
973 1635 1057 1708 tosta
1067 1662 1127 1734 per
1137 1641 1259 1718 ostium

54 1661 201 1807 subinde
213 1727 253 1806 ad
266 1731 368 1832 ipsrus
381 1731 619 1825 demittebatur
637 1755 754 1814 naret,
782 1755 819 1804 ut
827 1728 971 1830 ejusdem
981 1736 1088 1808 odore
1097 1737 1236 1816 assedus
1248 1791 1260 1826 ,

54 1832 568 1930 appetimincitareturmajori:
590 1835 652 1926 ¹Re
663 1827 732 1930 ipsa
745 1855 826 1907 vero
837 1828 945 1906 rursus
957 1833 1132 1908 destitutus
1144 1887 1155 1919 ,
1168 1864 1260 1914 acer-

58 1930 171 2004 biorea
183 1929 419 2029 daretpoenas,
429 1951 497 2000 non
507 1926 599 2001 secus
610 1953 649 2000 ac

232 2097 384 2164 Tantalus
396 2091 417 2162 ri
427 2071 662 2184 labrirfititnres
677 2098 793 2195 appetit
801 2115 901 2187 aquas
913 2123 923 2162 :

53 2267 368 2366 atqueeocruciatu
381 2242 701 2336 velociusinteriret.
722 2265 822 2335 Hanc
831 2260 986 2364 supplicii
997 2253 1141 2338 formam
1153 2291 1257 2366 quum

51 2355 113 2439 sex
122 2361 292 2466 perpessus
304 2359 414 2434 suisset
424 2361 496 2433 dies
510 2358 674 2460 ,septimo
684 2359 997 2460 inquisrtionesada
1010 2379 1021 2444 3
1034 2361 1258 2464 deprehensus
1305 2407 1310 2418 ·

51 2457 122 2538 firit
130 2463 340 2565 superiorem
352 2459 567 2532 brachiorum
578 2455 711 2531 suorum
724 2464 916 2559 portionem
924 2461 1082 2536 exedisse.
1093 2557 1096 2562 y

103 2608 123 2670 ς
152 2603 213 2677 34.
241 2582 295 2657 nd
307 2583 538 2652 commentitia
550 2578 797 2675 redeojejunia.
846 2572 1258 2678 TempdreMaximiliani
1277 2602 1358 2668 turp.

49 2683 277 2778 imperatoris
298 2727 309 2760 ,
339 2703 426 2748 antro
457 2676 636 2750 millesimo
654 2670 924 2776 quingentesrmo
943 2679 1076 2774 decimo
1097 2729 1109 2760 ,
1147 2681 1256 2778 puella
1276 2671 1393 2780 ,mm

77 2777 210 2852 uaedam
224 2775 543 2878 Augttstaefimularo
555 2778 704 2874 jejuni0,
725 2775 816 2874 quast
836 2775 929 2848 nullo
949 2774 1134 2852 vesceretur
1153 2779 1254 2866 cibo,
1320 2787 1322 2794 '
1386 2846 1389 2852 .

25 2807 111 2954 sed
122 2877 289 2950 divinitus
301 2873 533 2956 sustineretur,
555 2901 623 2946 non
643 2876 746 2947 modo
757 2867 971 2973 quoscunque
990 2879 1091 2948 etiam
1110 2878 1254 2976 pruden-

49 3001 101 3052 tes
113 2981 238 3058 uiros,
259 2999 375 3050 verum
385 2976 487 3044 etiam
497 2967 605 3070 ipsum
618 2971 781 3049 Caesarem
802 2971 948 3052 fefellit,
968 2969 1256 3050 sandiirnoniaein-

49 3077 74 3151 fi
104 3081 159 3148 nis
171 3077 333 3174 opinione
343 3067 478 3144 'famosa
490 3079 526 3145 δε
539 3073 703 3154 celebris,
727 3094 764 3142 ut
774 3073 876 3142 etiarn
887 3075 922 3140 in
936 3073 1064 3170 templo
1075 3076 1255 3173 peculiaris

49 3105 104 3252 issi
117 3172 211 3248 sedes
222 3169 345 3246 seclusa
362 3173 596 3252 extrueretur,
618 3177 658 3262 &⁵
676 3169 828 3240 manibus
840 3191 1043 3268 portaretur.
1090 3176 1162 3271 Qi
1174 3199 1254 3246 con·

49 3274 160 3354 sedin,
171 3292 402 3372 quaeuocant‚
420 3269 566 3342 seorsum
576 3268 628 3342 illi
638 3267 918 3366 subministraret,
940 3269 1103 3367 quendam
1114 3271 1254 3346 babuit:

51 3370 279 3469 Etsrquando
294 3367 374 3442 esset
382 3368 588 3468 exquirenda
600 3369 720 3442 veritas
735 3363 958 3446 ,seconsedtis
971 3365 1207 3462 roborantibus
1217 3374 1254 3444 in

51 3469 263 3544 vestimentis
283 3491 353 3540 tam
367 3460 718 3540 indulirierecdnditis
738 3487 832 3538 antea
853 3467 1045 3552 muniebat,
1058 3491 1105 3540 ,ut
1123 3469 1165 3540 ad
1186 3492 1253 3541 tres

1 3639 2 3654 ,
53 3567 112 3644 vel
125 3589 268 3663 quatuor
289 3565 488 3666 septimanas
499 3593 556 3638 cor·
605 3569 634 3636 ri
652 3561 909 3638 sustinendoilsa
927 3565 1118 3638 sufficerent.
1161 3573 1256 3640 Tan-

1 3669 3 3678 ’
52 3667 139 3740 dem
152 3663 218 3735 csse
228 3668 396 3760 proditam
409 3664 451 3737 ab
461 3593 812 3746 emiffibbereoribus,
825 3690 899 3762 quae
909 3663 998 3736 nulla
1008 3660 1176 3763 subsequi,
1194 3665 1255 3742 ubi

27 3813 29 3816 -
49 3761 329 3840 nibilassurnitur
340 3765 514 3846 alimenti,
534 3765 818 3839 nemononnovit
828 3757 1161 3860 ,quidamasseruntt
1184 3765 1255 3838 Arii

1 3859 2 3880 ¹
50 3857 230 3942 anuriffa
238 3861 340 3962 ipsius
351 3861 467 3940 dolum
479 3851 566 3938 ciam
577 3888 636 3960 per
655 3865 775 3932 rimam
785 3857 999 3935 observatum
1010 3910 1022 3944 ,
1044 3857 1140 3938 suisse
1159 3861 1253 3935 dete.

642 3958 806 4035 Ddddd
833 3985 857 4036 2
1148 3965 1255 4037 ¹&um
