3276 4444
59 187 89 262 v
406 180 542 258 Las.
590 179 924 252 MArurre.
1186 200 1256 278 443

102 317 120 406 5
145 337 185 412 4·
211 317 300 391 Cum
311 311 397 386 ali'as
410 309 452 384 ad
462 312 554 410 piam
563 308 707 410 puellam
725 313 762 382 in
772 310 933 385 coenobio
951 309 1140 388 obseratam
1151 316 1263 392 literas

54 411 377 514 dedissem,quibus
387 411 657 512 virgiuumeoiu
667 411 745 482 loco
755 401 840 484 olim
852 411 1045 485 incredibili
1056 417 1264 490 cruciamen-
1363 445 1365 450 ¹
1429 493 1433 504 ,

54 536 168 588 torum
187 537 310 615 genere
323 509 523 582 ldaemnnio
539 512 760 582 exercitatum
774 515 787 608 (
801 535 941 609 quarum
952 506 1115 612 superiori
1124 517 1264 588 memini

55 610 304 706 Libro,c.10.)
317 609 473 686 historias
483 606 569 678 mibi
578 607 754 707 cupiebam
766 607 963 693 des'cribi,ea
973 613 1008 681 in
1018 611 1181 687 hanefere
1191 612 1264 688 sen·
1406 677 1410 688 .

54 717 196 786 tentiam
216 708 389 810 respondit
401 735 409 780 :
422 715 516 782 Duas
529 704 764 779 adbueexillis
775 704 937 807 superesse
944 713 1176 812 odiogenarias
1185 737 1263 812 pro-
1281 731 1385 802 atteror..¹

55 836 98 908 pe
108 811 248 884 modum
259 860 270 892 ,
283 806 437 906 aquibus
447 801 567 903 saepius
578 803 775 887 audivisset,
799 834 841 880 ne
850 833 976 907 magno
988 811 1123 908 quidem
1133 807 1165 884 se
1177 813 1262 886 velle
1276 792 1398 916 mss}

56 913 153 1008 graui
172 910 230 980 illa
249 903 389 980 caruisse
411 903 602 975 calamitate
615 930 677 984 ,ex
687 909 755 976 Dei
766 905 937 978 voluntate
949 929 1048 988 nata,
1071 910 1166 1007 quod
1183 911 1262 984 inde
1280 926 1380 962 ’Μ

55 1007 225 1106 peculiare
249 1007 368 1108 gratiae
376 987 684 1094 diviliasllonum&
704 1003 986 1076 illuminationem
997 1002 1030 1076 se
1042 1005 1259 1105 consequutus
1279 992 1370 1084 κζ

55 1103 243 1178 sensissent:
271 1129 332 1176 nee
348 1101 438 1174 secus
456 1095 692 1180 earltmtestari
710 1105 824 1174 uitam.
862 1103 959 1199 Qid
970 1110 1120 1176 Antonio
1132 1113 1260 1187 nocuit,
1278 1103 1395 1208 em·

54 1199 186 1277 seueros
197 1207 234 1274 in
243 1199 310 1274 suis
318 1197 503 1272 ceruicibus
512 1195 623 1270 tulisse
631 1199 835 1300 magistros?
856 1205 911 1274 cui
920 1227 979 1274 eos
993 1202 1035 1274 ad
1055 1207 1124 1277 Dei
1142 1225 1259 1274 nutum
1278 1237 1394 1286 umpnpe

54 1326 114 1399 per
163 1298 214 1373 sso
235 1304 271 1370 in
282 1301 384 1394 majus
404 1289 490 1368 ceffit
509 1298 638 1370 lucrum
657 1302 696 1370 &
717 1299 876 1398 gloriam.
903 1299 1077 1375 Scribebat
1111 1327 1259 1400 quoque,
1282 1285 1386 1336 ’‘m''

53 1327 177 1470 miscis
196 1421 239 1468 eo
257 1419 409 1494 tempore
426 1391 521 1466 fuiffe
531 1395 751 1493 undecunque
760 1399 851 1470 viros
860 1398 1004 1481 docies,
1046 1403 1081 1469 ui
1092 1401 1260 1472 terrifico-

54 1521 133 1568 rum
148 1519 268 1568 eorum
279 1490 535 1593 symptomatum
546 1495 652 1570 larvas
664 1497 831 1576 contuiti,
847 1521 901 1570 eas
913 1425 1113 1595 penitissime
1135 1495 1260 1568 scruta-

51 1617 188 1676 rentur,
198 1592 478 1688 amblirentutque
490 1619 498 1664 ι
510 1589 565 1668 sed
575 1619 645 1692 quo
653 1596 688 1664 in
699 1589 861 1690 ejusmodi
870 1593 1017 1668 consiliis
1034 1594 1256 1668 confidentius

80 1690 255 1773 exstitere,
270 1689 442 1762 oomalum
452 1693 618 1764 recruduit
626 1697 786 1793 gravius,
807 1693 988 1766 uttandem
1009 1698 1077 1768 Dei
1096 1720 1180 1794 opus
1191 1694 1257 1766 esse

53 1719 224 1892 singulare
241 1789 439 1862 faterentur:
462 1789 828 1889 lcujusmanucumid
846 1795 920 1864 exci
966 1815 1062 1877 rent,
1082 1798 1118 1865 &
1137 1791 1255 1865 setoto

51 1889 155 1964 c'orde
163 1887 227 1964 sub
246 1893 379 1989 potenti
395 1890 464 1985 ejus
474 1887 613 1968 brachio
623 1887 883 1972 submitterent,
900 1817 1003 1966 lepidae
1011 1894 1144 1994 integre
1155 1892 1255 1964 abne-

49 2011 193 2096 gantes,
212 1987 507 2084 humilitatemque
526 1987 724 2086 usqueadeo
745 1988 904 2088 amplexat
916 1995 1116 2089 ‚quoetiam
1127 1994 1253 2064 conclis

47 2091 119 2160 luis
135 2085 315 2161 affeffibus
337 2087 518 2159 restiterint
529 2136 541 2168 ,
551 2084 674 2186 eosque
683 2090 848 2162 vicerint:
863 2097 901 2162 &
913 2089 1059 2162 breviter
1072 2137 1084 2171 ,
1095 2088 1138 2160 ad
1147 2089 1255 2164 divini

47 2187 151 2262 verbi
162 2211 316 2258 normam
325 2207 400 2257 toto
413 2187 528 2256 animo
538 2189 641 2260 vitam
654 2183 911 2268 confermarint,
920 2208 999 2258 nme
1010 2187 1170 2285 paulatim
1179 2213 1255 2262 cva-

47 2279 446 2360 nuemntunivers'aeillae
457 2285 648 2357 dirae.Piam
657 2283 1255 2387 epislolaeilliusvirginispartemju-

45 2381 277 2456 slisdecaufis
301 2376 445 2454 inserere
454 2380 674 2482 volui,qubd
683 2381 720 2454 id
729 2381 904 2458 consilium
914 2407 991 2454 meo
999 2385 1152 2454 instituto
1161 2407 1256 2482 pror·

43 2479 103 2554 sus
113 2479 351 2580 responderet:
366 2477 629 2580 &noejusmodi
648 2483 797 2581 virgines
814 2478 1175 2581 usqueadeoapiorum
1195 2506 1255 2552 nu·

41 2603 152 2654 mero
161 2577 382 2660 alienasesse‚
401 2582 477 2678 quis
494 2583 620 2652 temere
631 2581 666 2650 in
675 2579 823 2652 anirnum
830 2581 990 2662 inducat,
1009 2576 1138 2654 etiamsi
1148 2577 1256 2650 adhuc

42 2676 167 2750 multa
185 2681 219 2747 in
227 2681 269 2748 iis
276 2677 454 2749 desiderati
469 2705 537 2750 non
546 2677 713 2758 diffitear,
732 2703 805 2778 qua
813 2677 963 2754 inscia&
975 2703 1044 2751 non
1061 2677 1137 2752 sana
1147 2672 1255 2750 infor·

39 2781 209 2850 marione
220 2780 527 2874 praetermittuntur.
1068 2845 1071 2852 .
1104 2848 1109 2854 ,
1145 2839 1148 2846 ,

96 2881 113 2966 §
143 2899 181 2970 5.
210 2877 320 2946 Porro
333 2873 563 2947 monasterium
578 2873 615 2946 id
625 2873 811 2973 ingressus,
831 2880 945 2948 coram
963 2899 1038 2946 cum
1052 2873 1156 2949 altera
1175 2901 1256 2950 con-

40 2974 110 3047 tuli
119 2971 250 3054 uetula,
263 2997 338 3071 quae
347 2971 380 3044 id
389 2973 469 3044 mali
478 2973 594 3046 decem
607 2970 799 3044 sustinuerat
808 2999 968 3055 anuos‚eo
984 2975 1120 3045 nomine
1130 2979 1254 3074 gratias

39 3080 128 3150 Deo
140 3097 244 3172 agens
257 3085 360 3170 quam
372 3075 548 3144 maximas:
563 3095 601 3141 ac
613 3068 636 3140 fi
649 3092 727 3143 aetas
738 3069 942 3154 admitteret,
952 3067 983 3144 se
992 3072 1134 3144 libenter
1144 3074 1253 3149 denuo
1276 3071 1278 3078 ’

36 3170 172 3244 iisdem
194 3169 280 3242 uelle
299 3169 527 3242 calamitatum
548 3169 704 3241 fludibus
714 3169 820 3266 objici
843 3169 1019 3267 asserebat.
1043 3174 1189 3243 Hortata
1198 3197 1255 3244 au-

35 3293 123 3342 cern
144 3267 253 3337 meesl
264 3271 504 3364 maximopere,
517 3291 553 3338 ut
564 3265 816 3339 srinconstlium
835 3269 877 3340 ad
888 3271 935 3340 ita
954 3267 1094 3341 asslidlas'
1112 3267 1256 3343 accerse-

32 3393 130 3446 rer,
153 3388 194 3434 ne
203 3365 407 3438 exorcismos
417 3365 629 3438 admitterem
640 3391 796 3465 unquam.
821 3367 986 3466 Qtaed'am
1008 3372 1043 3439 in
1055 3393 1096 3438 eo
1107 3391 1256 3440 tormen-

31 3487 171 3539 torum
189 3459 318 3536 theatro
337 3463 538 3545 constituta,
558 3475 576 3536 a
597 3463 701 3537 fratre
712 3467 817 3564 virgis
828 3490 870 3536 ex
891 3466 1098 3563 quorundam
1117 3466 1257 3537 consilio
1330 3489 1335 3497 “

25 3559 356 3640 excarnificabatut
370 3562 674 3659 :quemadmodum
686 3561 729 3634 ab
739 3567 861 3661 ineptis
871 3571 1053 3636 etiamnum
1065 3565 1165 3635 hodie
1176 3589 1255 3635 con-

27 3661 190 3739 sulitur,
200 3658 287 3756 quasi
297 3660 484 3732 damonem
497 3661 681 3764 profligent
690 3663 796 3761 virgae
812 3711 822 3742 ,
842 3667 879 3734 &
890 3687 957 3734 non
968 3665 1081 3760 potius
1097 3686 1139 3734 eo
1151 3661 1255 3734 modo

24 3762 109 3840 ille
121 3757 352 3832 camilicinam
364 3783 530 3857 procuret.
550 3765 595 3832 Ea
606 3763 656 3832 rei
667 3759 899 3859 indignatione
910 3769 947 3835 &
964 3763 1091 3856 pudore
1108 3759 1166 3832 illa
1177 3785 1254 3856 per-

24 3855 164 3940 culsa,
186 3857 363 3930 contabuit
381 3856 611 3955 pedetentim,
635 3865 673 3930 &
695 3863 855 3930 moritura
868 3864 1002 3928 cecinit.
1024 3863 1160 3958 Rogata
1171 3865 1253 3929 vero

23 3950 573 4055 cantioniscausam,respondit:
587 3957 732 4055 eoquod
744 3953 898 4030 desalute
909 3953 964 4026 sua
975 3977 1094 4028 aeterna
1113 3955 1255 4121 rqinisme

659 4056 805 4128 Kkkz
853 4089 859 4103 ·
1156 4071 1261 4121 aua
