3210 4430
327 200 403 266 920
644 173 958 268 Jnnuuts
1015 167 1291 259 thnr·

380 319 397 401 §
429 337 462 404 9.
495 305 600 398 Yerbi
620 308 732 408 gratia
754 330 763 377 ε
789 308 979 380 Statuamus
1008 300 1232 472 aegritudinis
1254 303 1387 381 caulam
1406 331 1460 382 aut
1475 337 1539 408 pac

332 437 401 486 rem
423 407 489 482 effe
507 425 654 486 naturae,
676 426 733 476 aut
750 404 928 502 imparem.
951 403 1017 472 Par
1098 398 1243 483 suerit,
1269 431 1342 476 non
1376 413 1534 506 apparebit

331 508 505 584 conversio
522 506 576 580 vel
597 503 638 576 ad
658 501 822 584 salutem,
842 500 895 578 vel
914 519 1085 582 mortem
1109 503 1197 598 quia
1215 508 1421 578 mutationis
1436 513 1532 582 otonis

331 611 515 708 proprietas
533 601 835 678 confiffitinnnius
846 597 1087 700 praedominiO.
1107 609 1113 618 “
1139 604 1176 674 Si
1195 601 1314 698 igitur
1332 607 1444 704 impar
1459 631 1540 685 ‚tum

332 731 389 780 aut
399 706 537 790 morbus
548 709 685 786 vincet,
709 725 766 774 aut
776 721 905 774 natura.
932 701 968 774 si
980 719 1122 780 natura,
1142 699 1267 774 evadit
1283 728 1390 804 ager:
1408 706 1461 777 lin
1481 713 1544 780 mi·

332 831 392 878 nus
406 807 600 888 ‚morietur
652 809 803 880 Mortem
822 801 913 871 enim
931 795 1065 870 invehit
1085 795 1244 872 defectus
1266 825 1407 884 naturae,
1425 830 1472 876 ex
1491 801 1545 878 su-

332 908 486 1004 perantia
503 901 608 978 causae
619 899 814 975 morbificat.
864 901 935 970 lam
959 891 1163 994 pulsationis
1185 901 1304 972 omnis
1322 905 1546 992 continuatio²

245 1041 254 1056 ·
332 1004 501 1104 significat
509 1003 678 1075 facultatis
688 1001 801 1074 vitalis
818 996 946 1088 robur:
969 993 1119 1068 defectio
1141 1019 1289 1082 autem,
1309 1004 1374 1098 ejus
1386 999 1536 1074 inbecil-

331 1103 475 1176 litatem.
524 1101 798 1202 ltaquefibinam
810 1091 1032 1194 pulsationem
1043 1084 1386 1196 exhibuerittacnm
1400 1097 1539 1184 hinitin-

334 1203 550 1276 merabuntut
561 1201 683 1303 gradus
695 1197 827 1271 roboris
842 1221 851 1267 ε
866 1193 889 1266 st
902 1219 966 1264 una
975 1189 1206 1278 intermiffi0,
1227 1223 1315 1270 unus
1327 1200 1451 1300 gradus
1459 1228 1542 1274 mm.

334 1301 381 1374 bi.
433 1311 480 1376 At
496 1326 580 1372 unus
600 1297 720 1401 gradus
740 1295 881 1374 minime
892 1288 1091 1391 exsuperare
1110 1297 1224 1392 potest
1236 1295 1325 1370 dttoa
1336 1348 1348 1382 ,
1361 1301 1537 1373 inaffinnis

332 1399 465 1474 otdine.
518 1399 618 1474 Unde
628 1393 738 1497 pulsus
751 1443 762 1478 ,
774 1393 855 1466 licet
865 1395 966 1464 tertia
977 1415 1115 1562 quappe
1126 1398 1286 1466 motione
1304 1400 1538 1482 intermittens,

335 1525 402 1570 iton
423 1501 535 1602 arguit
554 1495 761 1568 imminentis
783 1493 903 1564 mortis
923 1493 1050 1562 certitu
1077 1493 1170 1564 ‘nem
1187 1521 1195 1567 :
1213 1517 1320 1593 atque
1341 1499 1444 1568 multo
1463 1495 1537 1568 sant

216 1591 231 1650 ἰ
335 1603 445 1688 minus
466 1599 524 1670 ille
542 1599 601 1694 qui
620 1594 804 1667 decemaut
824 1591 954 1690 uiginti
966 1587 1212 1664 dilatationum
1224 1599 1534 1668 &contradionum

338 1699 556 1794 repetitiones
576 1717 704 1766 tanturn
717 1685 879 1789 sequitur.
929 1687 1131 1786 Siquidem,
1157 1693 1217 1764 ubi
1235 1689 1386 1791 idipsum
1396 1697 1539 1793 privatur

334 1795 494 1890 perniciei
516 1789 580 1862 suat
589 1793 813 1884 exequutione
826 1801 845 1868 ‚‘
860 1811 930 1884 quo
939 1807 1057 1860 tamen
1077 1791 1186 1886 major
1204 1793 1377 1890 conspirat
1394 1793 1539 1866 efficien-

335 1893 377 1962 tis
389 1891 541 1988 potentia
553 1893 592 1957 &
603 1889 775 1967 vicinitas,
787 1885 925 1985 quinam
936 1885 1123 1960 declarabit
1129 1891 1342 1982 operationis
1351 1888 1541 1972 efficaciam

332 1986 462 2086 aliquid
471 1981 647 2086 pusillum,
670 1983 840 2087 longeque
859 1983 902 2055 ab
914 1985 1049 2086 agendo
1066 1991 1225 2056 temnturh
1251 1995 1267 2056 ?
1317 1985 1409 2058 Talis
1432 1991 1536 2061 euim

333 2085 593 2189 deprehenditur
614 2082 850 2183 frequenter'in
861 2081 949 2155 febri
959 2083 1129 2184 pestilenti
1149 2082 1530 2186 &egritudinemelam

334 2183 707 2284 cholica‚srequentius
718 2183 827 2256 adhuc
838 2187 873 2254 in
884 2181 1111 2280 palpitatione
1128 2183 1293 2256 cardiaca.

382 2309 400 2372 ς
432 2309 484 2354 10.
512 2289 592 2382 Qa
603 2283 736 2383 decepti
749 2281 869 2355 Galliae
890 2279 1036 2364 medici,
1062 2277 1207 2356 Marino
1218 2275 1259 2355 de
1271 2279 1434 2361 caballis,
1448 2283 1535 2355 Rei-

335 2381 418 2485 pub.
444 2389 580 2462 Veneta
591 2383 633 2456 ad
644 2389 847 2457 Francorum
858 2383 991 2484 Regem
1014 2378 1134 2480 legato
1154 2384 1320 2456 interitum
1332 2380 1532 2478 predixere,

335 2481 463 2556 linistro
474 2482 516 2554 de
526 2479 636 2582 pulsus
649 2476 886 2554 intermistione
896 2477 1024 2550 'udicio
1034 2481 1164 2554 irretiti
1180 2507 1190 2554 ε
1205 2481 1337 2579 ideoque
1345 2473 1525 2559 suaserunt,

311 2605 371 2656 'ut
393 2581 465 2679 post
486 2585 698 2678 impetratam
709 2573 864 2652 disceffus
885 2505 1056 2648 licentiam
1068 2581 1275 2660 ,inltaliarn
1300 2573 1463 2650 confestim
1472 2599 1527 2647 te·

333 2681 443 2750 diret:
465 2701 564 2778 atque
574 2677 624 2749 ibi
634 2677 983 2750 condito'testamento
993 2725 1006 2759 ,
1018 2675 1261 2778 dispnfitisque
1270 2681 1411 2784 negotiis
1423 2699 1532 2760 ,tran-

336 2777 477 2876 quillior
488 2775 644 2877 deinceps
654 2771 722 2850 sese
732 2797 878 2850 armaret
891 2773 931 2846 ad
943 2771 1175 2876 quodcunque
1185 2780 1309 2852 mortis
1320 2801 1533 2850 momentum.
1599 2797 1601 2850 2

334 2875 562 2952 llleVenetias
582 2881 696 2950 animo
715 2873 880 2976 prostrato
900 2869 1048 2947 reversus
1060 2923 1072 2958 ,
1086 2873 1375 2950 consultationem
1384 2877 1530 2955 instintit,
1598 2857 1600 2910 l

337 2977 447 3048 accito
460 2975 671 3048 medicorum
684 2975 908 3074 colleginzex
920 2999 989 3072 quo
999 2977 1205 3052 eratVidior
1215 2971 1530 3052 Trineavelacele-
1597 2917 1600 3042 l

337 3073 500 3150 betrimus
520 3073 688 3148 facultatis
709 3073 828 3148 nostrat
836 3075 872 3144 in
881 3075 1045 3146 Patavina
1066 3074 1260 3170 Gymnasto
1273 3071 1440 3150 Profellot.
1457 3071 1530 3166 Qui
1596 3045 1599 3124 l

336 3200 439 3272 quum
452 3171 733 3247 animadverteret
753 3171 1045 3262 tremoremhunc
1065 3170 1243 3341 proficisci
1262 3195 1334 3248 tum
1352 3171 1529 3272 exputio-
1596 3201 1598 3276 p

337 3272 429 3346 ribus
442 3275 531 3348 cutis
542 3321 552 3353 ‚
563 3293 635 3354 turn
646 3287 693 3342 ex'
711 3271 870 3374 sanguiue
893 3269 1071 3342 melantho
1088 3275 1146 3343 ico
1167 3271 1211 3344 ad
1232 3300 1296 3347 cor
1313 3271 1435 3344 affatim
1453 3291 1533 3340 cnn-

336 3371 484 3445 fluente:
507 3373 707 3470 promittens
728 3369 851 3442 amissae
876 3367 1025 3442 sanitatis
1046 3377 1367 3468 recuperationem,
1386 3367 1535 3442 crthrarn

333 3469 498 3546 consuluit
508 3467 704 3544 incisionem
727 3495 819 3542 venae
833 3493 953 3566 ,quam
974 3463 1156 3540 neceffarin
1168 3469 1365 3568 postulabat
1384 3469 1533 3572 plethori·

334 3595 371 3642 ca
384 3574 536 3670 corporis
549 3566 754 3642 constitutio.
804 3569 896 3638 Hinc
907 3569 1083 3640 accedente
1092 3570 1199 3640 etiarn
1219 3572 1434 3642 cordialium
1446 3591 1530 3644 tutr-

329 3669 464 3741 diorum
473 3667 531 3742 usu
542 3671 608 3742 tite
621 3669 806 3744 curatus3in
817 3665 1018 3740 hodiernum
1027 3666 1116 3738 diem
1127 3665 1241 3739 adhuc
1250 3665 1416 3768 superstes
1427 3665 1534 3742 estcla·

330 3765 470 3838 tiffirnus
485 3773 550 3846 vir,
561 3771 714 3866 omnium
725 3788 836 3836 terum
848 3791 994 3867 gnarus,
1018 3763 1164 3874 plurium
1176 3767 1396 3842 idiomatum
1432 3773 1529 3842 erius,

233 3899 258 3928 v.
328 3863 501 3936 defunctus
524 3867 652 3937 interea
671 3859 999 3964 magnificentillitne
1021 3867 1144 3936 muniis
1164 3798 1525 3968 legationisadutrffl·

326 3987 391 4055 qne
412 3965 655 4059 Imperatorem
676 3965 858 4038 Tutcicum
875 3973 910 4038 δι
927 3969 1187 4048 Romanorum,
1214 3993 1280 4038 uec
1301 3993 1375 4041 non
1387 3965 1528 4042 pannon

76 4121 107 4125 ,
170 4125 180 4136 ,
322 4057 635 4152 urbispraelcctuta.
1381 4073 1396 4154 ς
1419 4085 1469 4133 ιι.
1485 4061 1534 4131 ha

1574 4213 1592 4410 l
