3238 4432
303 134 953 208 DrtnnLrntn'.
1168 119 1394 236 ⁸73f

36 273 95 347 has
112 267 165 344 illi
188 265 313 344 infixas
333 271 479 368 impetus
491 262 541 339 sui
560 272 630 342 vim
648 273 804 346 amittere
822 273 959 346 cernis?
986 272 1083 370 Qid
1103 299 1185 350 vero
1204 297 1238 351 te

35 371 191 474 pauperis
203 366 377 466 perturbat
388 366 600 468 appellatio?
623 369 819 472 Tuaeipfius
829 370 1036 444 conditionis
1048 373 1113 445 tibi
1125 380 1237 449 veniat

34 477 241 548 inmentem‚
253 468 460 567 quodnudus
471 470 507 537 in
517 465 603 537 hunc
616 468 776 540 mundum
787 471 1030 570 venisti‚atque
1042 471 1121 544 hinc
1132 473 1238 546 nudus

32 569 189 642 abiturus
198 590 247 638 es.
310 566 405 662 Qid
418 591 498 639 veto
510 565 747 638 bominenudo
758 572 962 668 pauperius?
982 570 1142 642 Nihilest
1152 575 1187 642 in
1197 599 1236 645 ea

35 667 279 768 appellatione,
290 665 380 763 quod
394 687 498 764 grave
509 663 630 736 debeas
640 665 841 740 existimare.
870 669 1236 768 Qisunquatnquaeso

35 767 243 868 paupertatis
263 789 347 863 ergo
366 768 402 835 in
424 763 556 836 vincula
580 785 691 862 raptus
713 763 809 838 fuit?
843 765 918 864 Ipsa
936 761 1089 864 profesio
1109 773 1235 842 nemini

33 871 126 940 vitio
144 863 304 937 vertenda
322 863 370 934 est
381 883 580 961 paupertas,
601 861 662 933 nili
683 863 735 936 illi
748 867 807 965 qui
826 881 900 935 earn
912 861 995 936 forti
1013 870 1154 940 minime
1173 867 1237 941 sert

34 971 163 1040 anime.

83 1085 101 1148 ς
129 1081 187 1156 39.
212 1056 309 1153 Quid
326 1053 397 1155 ipsa
408 1059 457 1130 ira
477 1055 712 1158 infipientius?
735 1065 771 1135 Si
791 1059 1001 1135 lacessentem
1020 1081 1054 1132 te
1071 1068 1236 1160 patienter

34 1161 155 1234 tuleris
178 1183 189 1231 t
218 1159 311 1252 Quia
328 1173 571 1254 temperantem
593 1183 632 1230 ac
651 1157 836 1230 modestum
856 1181 889 1230 te
908 1160 1071 1241 exhibes,
1091 1163 1186 1234 illurn
1201 1189 1235 1234 tu

34 1253 351 1360 pudoresuffundis.
395 1261 492 1330 Nam
503 1257 787 1354 quemadmodum
804 1261 839 1328 in
858 1255 1000 1357 seipsum
1019 1257 1112 1332 savit
1132 1264 1238 1360 isqui

34 1355 179 1433 verbera
189 1379 255 1424 non
265 1349 461 1425 sentientem
472 1361 622 1453 percutit
643 1358 707 1451 (ita
718 1359 808 1427 enirn
818 1379 923 1454 neque
935 1357 1161 1434 hostemultus
1174 1361 1235 1442 eli,

35 1479 148 1556 neque
158 1451 357 1550 deflagravit
365 1455 414 1524 ira
426 1453 462 1546 ε)
483 1457 538 1528 Sic
548 1458 607 1556 qui
619 1457 801 1553 patientem
821 1455 925 1527 afficit
941 1458 1087 1551 injuria,
1108 1457 1234 1530 nullam

33 1552 222 1629 iracundia
240 1551 305 1622 luae
328 1549 594 1624 consolationem
615 1557 764 1626 invenire
781 1553 883 1628 ualet.
931 1557 1002 1649 Qi
1023 1579 1104 1629 vero
1125 1557 1235 1630 vindi-

36 1659 130 1728 &am
159 1647 292 1730 sumit,
322 1671 421 1748 atque
455 1675 566 1748 parem
598 1653 818 1726 conviciatori
841 1652 1080 1726 contumeliam
1109 1654 1234 1738 refert,

35 1778 143 1853 quant
164 1749 290 1849 poterit
307 1745 531 1820 defenstonetn
551 1759 767 1848 pretexere?
800 1757 854 1824 An
874 1775 916 1821 ne
943 1751 1035 1850 quod
1054 1753 1149 1850 prior
1177 1753 1236 1826 ille

36 1849 270 1954 provocavit?
295 1855 343 1920 At
358 1869 447 1918 certe
457 1849 538 1946 quid
559 1852 660 1922 etiarn
673 1852 777 1924 venia
796 1848 854 1920 illa
875 1871 1022 1922 meretur
1039 1848 1235 1925 excusatio?

36 1957 171 2049 Neque
189 1950 279 2020 enim
299 1950 357 2044 qui
375 1947 410 2017 in
428 1950 640 2020 meretricem
660 1949 793 2047 culpam
813 1946 970 2019 transfert
987 1946 1172 2030 scortator,
1191 1950 1234 2024 ab

33 2050 99 2122 illa
118 2045 152 2121 fe
162 2047 206 2121 ad
224 2045 430 2142 peccandum
446 2045 597 2119 illedtum
606 2050 784 2146 inquiens,
807 2048 923 2118 mitius
942 2044 990 2118 ob
1008 2048 1044 2119 id
1063 2049 1235 2122 condona-

35 2149 143 2222 bitur.

90 2253 196 2343 §.4o.
221 2245 317 2322 Mala
328 2243 588 2346 retestinjuria?
611 2249 710 2318 Hanc
718 2263 755 2316 tu
767 2268 808 2315 ne
816 2244 960 2317 imiteris
973 2269 982 2316 ε
996 2251 1121 2342 Neque
1129 2247 1234 2328 enirn,

35 2343 135 2444 quod
146 2347 239 2444 prior
250 2345 373 2443 aliquit
391 2368 426 2416 te
436 2340 655 2427 laceffiverit,
674 2339 1233 2443 judiciisevetitatemhatextusa-

33 2445 386 2545 tionedcprecaberis.
429 2447 547 2521 Verius
561 2445 667 2544 igitur
678 2441 807 2522 fuerit,
825 2463 862 2512 ut
874 2443 958 2512 mihi
969 2441 1173 2540 persuadeo,
1200 2443 1234 2514 id

33 2547 142 2617 etiam
165 2544 369 2645 praetendere
381 2547 494 2640 potius
513 2567 551 2613 ac
569 2545 750 2642 conqueri,
774 2539 865 2637 quod
885 2541 1075 2640 exemplum
1095 2567 1162 2612 non
1174 2540 1234 2610 ha-

35 2643 172 2723 buerit,
194 2646 286 2740 quod
304 2641 346 2713 ad
357 2643 613 2740 temperantiam
623 2643 717 2713 illam
727 2640 916 2712 instrueret.
965 2648 1020 2714 Tu
1031 2665 1112 2714 vero
1125 2639 1232 2710 homi-
1338 2717 1340 2722 ,

31 2765 118 2814 nem
131 2743 352 2836 impertitum
363 2738 448 2811 adeo
467 2740 624 2812 indecore
634 2737 667 2812 se
676 2761 849 2840 gerentem
861 2741 1013 2820 intuens,
1035 2765 1100 2809 non
1112 2764 1231 2818 caves,

32 2865 82 2914 ne
95 2836 148 2908 illi
159 2837 275 2908 similis
287 2839 403 2918 fieres,
429 2838 484 2910 sed
496 2839 684 2940 indignaris
697 2887 708 2919 ,
722 2836 870 2909 acerbius
882 2837 1041 2936 objurgas
1055 2885 1065 2916 ,
1082 2838 1234 2908 oblucta—
1318 2847 1320 2852 '

33 2943 112 3013 ris?
134 2939 208 3028 Qui
228 2935 437 3032 lit,utquod
458 2962 491 3008 tu
504 2941 649 3036 pateris,
670 2963 711 3008 eo
730 2939 765 3006 in
784 2931 831 3005 sui
844 2932 1068 3006 defensionem
1082 2957 1193 3008 utatur
1205 2939 1233 3008 is

32 3039 98 3138 qui
108 3037 204 3134 prior
213 3055 246 3105 te
258 3041 480 3134 provocavit?
502 3040 536 3110 Si
548 3040 596 3107 ira
608 3035 744 3134 quidem
755 3035 842 3105 mala
860 3035 928 3114 est,
948 3031 1137 3104 curmalum
1150 3033 1235 3106 illud

14 3161 106 3208 3non
127 3134 301 3206 declinasti
326 3141 341 3204 i
366 3135 423 3206 Sin
444 3135 655 3236 veniadigna
675 3133 743 3214 est,
765 3131 846 3232 quid
870 3129 1023 3204 irascenti
1043 3129 1234 3205 succenses?

16 3241 138 3320 gNatn
160 3235 217 3332 qui
237 3229 420 3329 vaniloquo
435 3233 666 3314 contradicit,
694 3235 722 3303 is
743 3230 994 3327 quodammodo
1014 3231 1066 3302 illi
1086 3229 1233 3304 affimilis

17 3331 279 3642 Ucitidetp.
304 3335 420 3426 Qtare
430 3331 612 3430 sapientem
624 3329 770 3401 arbitror
782 3330 995 3418 Salomonem
1006 3329 1169 3410 edixisse,
1194 3355 1234 3400 ne

62 3423 119 3500 uis
139 3427 235 3518 stulto
260 3429 426 3500 ecundum
445 3429 783 3529 ipsrusinstpientiam
803 3419 1011 3527 respondeat.
1060 3427 1233 3526 Qtematl-

74 3525 183 3597 odum
203 3533 312 3608 enim,
334 3530 393 3627 qui
414 3533 630 3638 Imperatoris
648 3527 797 3626 ¹effigiem
818 3527 982 3598 dedecore
1002 3521 1141 3605 affecit,
1166 3549 1234 3594 non

53 3629 139 3702 liter
158 3629 317 3723 punitur,
337 3652 438 3724 quam
459 3633 482 3698 lt
504 3631 538 3698 in
558 3623 666 3726 ipsunt
686 3629 928 3724 imperatorem
948 3623 1110 3721 peccasset
1134 3651 1143 3696 ι
1179 3623 1234 3696 sic

53 3730 143 3799 tiam
154 3747 293 3822 peccato
303 3727 471 3797 obnoxius
483 3728 510 3799 is
521 3727 590 3807 est,
614 3727 672 3822 qui
684 3727 715 3796 ei
726 3749 826 3823 quem
838 3723 878 3794 ad
888 3723 937 3793 sui
947 3723 1129 3820 imaginem
1140 3729 1234 3796 Deus

53 3825 183 3905 teavit,
195 3826 351 3920 injuriam
363 3825 525 3910 intulerit.

81 3937 101 4003 ς
129 3939 189 4016 41.
207 3925 297 4000 'Cum
317 3925 455 3996 bomine
466 3923 648 4004 iracunde,
669 3924 799 4090 inquisti,
812 3945 858 4010 ne
878 3913 1096 3994 com‘erseris.
1140 3923 1236 3992 Nam

703 4017 755 4091 ss
803 4013 822 4090 s
1160 4041 1237 4087 cum
