3254 4438
343 209 418 294 604
616 197 1297 296 Jonunrswrisux

346 333 644 434 quodatlanimam
662 325 855 432 responsum
865 329 1011 404 reserast
1039 329 1105 403 hoe
1116 319 1206 402 enirn
1223 329 1344 430 postea
1365 353 1491 428 negas,
1516 332 1561 408 ιζ

345 432 638 514 πίωαιηνίἀεὶὶεεῑ,
657 457 724 505 non
742 423 807 502 esse
825 429 1057 530 prolocutum,
1073 425 1130 502 sed
1151 431 1299 502 militem
1310 427 1479 502 loomim.
1500 442 1558 507 At

345 530 385 604 fit
424 531 494 604 uod
513 531 622 615 velis,
666 529 722 603 uid
741 529 819 602 inde
837 528 1079 604 admonitionis
1096 529 1220 601 divinae
1237 527 1294 604 uel
1313 525 1556 627 portentisue-

346 655 383 702 ee
407 639 470 702 rt?
520 637 607 706 Non
691 627 783 730 quod
801 627 935 727 longius
958 625 1198 728 subterfugias.
1249 633 1354 699 Hane
1362 627 1558 702 mehercule

345 725 591 828 responsionem
616 731 635 802 l
658 731 775 809 Wiero
797 728 936 798 mininie
954 727 1144 824 expedivit
1167 726 1379 801 Sealiehiits:
1408 726 1557 824 quaresi

346 829 482 926 propria
503 827 604 926 ipsius
624 823 861 920 verbafinistte
869 827 905 895 in
915 849 967 896 me
976 826 1065 896 diota
1079 850 1164 922 ,pro
1174 828 1332 924 genninae
1347 823 1411 896 suae
1430 828 1558 900 mulie-

347 935 386 997 1ae
397 924 631 1025 philosophica
653 922 856 1006 defensione,
866 926 902 994 in
912 921 1018 1020 ipsum
1037 919 1230 1005 retorsero,
1251 924 1486 1020 mihiyeniam
1496 927 1561 1000 da.

347 1024 413 1096 bit:
430 1027 537 1120 Quod
555 1029 674 1096 attinet
693 1023 735 1095 ad
754 1021 928 1094 bestiolam
949 1020 1092 1094 similem
1105 1019 1279 1103 mustelae,
1298 1021 1450 1119 fieaquae
1458 1021 1559 1099 dieta

349 1121 424 1197 sunt
444 1120 665 1223 expendisset,
674 1119 762 1192 haud
770 1119 871 1193 dubie
881 1121 943 1192 halt
951 1121 994 1192 de
1003 1145 1051 1202 te,
1063 1127 1102 1194 &
1116 1121 1191 1192 aliis
1204 1120 1399 1219 permultis,
1409 1147 1558 1220 quorum

194 1279 196 1286 ,
348 1223 398 1295 ibi
409 1227 578 1306 meminit,
589 1223 691 1322 longe
699 1223 821 1294 reditis
841 1216 1011 1304 sensisset,
1037 1229 1074 1294 &
1094 1219 1208 1323 digito
1234 1215 1490 1320 compescuisset
1503 1223 1556 1318 lna

294 1323 305 1336 '
348 1319 486 1394 bellum.
731 1321 734 1326 ’
936 1337 947 1344 “
1277 1365 1284 1376 x

284 1429 286 1432 ’
369 1433 374 1441 ’
396 1441 415 1506 ς
443 1445 502 1506 17.
529 1417 593 1495 Sed
607 1417 650 1490 ad
666 1417 809 1490 instituti
829 1415 1556 1499 confirmationem,alioviturrtsenemna·

218 1567 222 1574 -
301 1582 330 1616 ‚,
345 1521 450 1616 jicete
467 1515 791 1687 conaturhipp'aculo
815 1569 824 1598 ,
849 1512 998 1589 scilicet:
1021 1520 1056 1591 Si
1079 1513 1266 1605 ludibrium
1275 1517 1415 1592 diaboli
1425 1518 1556 1593 fuitilla

300 1681 326 1715 „
350 1619 511 1699 mustela,
531 1641 659 1714 quomo
683 1642 706 1686 ο
728 1619 836 1783 igitur
855 1615 951 1688 miles
961 1614 1108 1689 sellus&
1129 1615 1294 1716 fatigatus
1307 1614 1555 1717 fuitiqunmo-

295 1715 297 1723 '
349 1716 395 1786 do
426 1718 484 1787 illa
518 1712 683 1811 evestigio
695 1739 738 1785 te
755 1739 825 1784 erre
846 1718 990 1813 potuit?
1016 1719 1094 1810 Qa
1113 1734 1184 1785 arte
1192 1737 1310 1787 autem
1329 1719 1390 1790 lile
1409 1714 1555 1802 euasero,

347 1809 491 1886 ausculta
510 1811 688 1909 paulisper.
738 1817 954 1910 Expertesius
972 1813 1095 1894 miles,
1108 1837 1187 1883 num
1198 1813 1327 1911 quidin
1338 1813 1462 1898 somno
1481 1817 1554 1918 pas·

346 1907 397 1984 lus
408 1907 493 1983 esset
509 1929 647 2007 rogatus
658 1957 670 1990 ,
681 1904 852 2008 respondit
864 1961 875 1993 ,
887 1907 921 1986 se
931 1909 1050 1984 fessum
1060 1906 1129 1982 esse
1140 1917 1180 1985 δι
1191 1909 1552 2014 fatigammuanqiram

344 2031 387 2079 ex
396 2007 526 2081 difficili
537 2005 692 2109 &longo
710 2011 851 2090 itinere,
864 2017 936 2089 dcc.
961 2015 1033 2108 Jam
1054 2033 1154 2082 neino
1172 2009 1384 2090 diffitebitur,
1402 2006 1550 2082 somno-

344 2111 434 2180 tinas
452 2111 619 2207 imagines
639 2117 865 2206 saepenumero
884 2135 926 2181 err
948 2107 1144 2182 humoribus
1166 2118 1205 2182 δι
1220 2106 1384 2210 spiritibus
1401 2108 1460 2181 hie
1476 2107 1548 2184 sibi

346 2203 622 2282 convenientibus
635 2257 647 2289 ,
658 2211 678 2278 h
689 2205 828 2279 diabolo
839 2209 1090 2307 inphantasticis
1104 2214 1243 2312 organis
1252 2211 1410 2290 excitari,
1422 2216 1462 2284 δι
1471 2208 1551 2284 'ido-

345 2307 387 2379 li's
400 2333 495 2405 ,quae
513 2304 674 2378 exhibete
697 2303 767 2379 vult
778 2355 789 2388 ,
800 2305 1074 2389 confirmati‚stve
1083 2305 1143 2377 illa
1155 2307 1219 2380 lint
1228 2300 1346 2381 suavia
1357 2358 1369 2389 ,
1380 2307 1451 2382 sive
1459 2313 1553 2383 terri·

206 2409 215 2421 '
344 2404 409 2477 fica
422 2404 509 2488 ,sive
528 2409 632 2476 etiam
644 2427 792 2478 vanaterr
804 2403 925 2502 quibus
947 2431 1060 2492 revera
1079 2429 1214 2506 quoque
1235 2406 1291 2479 vel
1314 2409 1478 2505 voluptas,
1491 2408 1548 2480 vel

344 2505 445 2578 dolor
453 2501 690 2600 consequitur,
709 2497 913 2602 sentiturque
925 2506 1011 2574 inter
1034 2501 1297 2587 somniandum,
1319 2511 1417 2580 etiam
1426 2505 1549 2578 ubita-

342 2601 519 2703 lisspecies
531 2630 554 2674 n
622 2625 697 2674 itant
711 2625 804 2674 antea
822 2605 927 2675 menti
947 2599 1047 2675 suerit
1065 2601 1198 2700 objeRa
1214 2627 1297 2686 ,aut
1317 2605 1390 2682 visa
1406 2606 1550 2709 vigilam

342 2706 371 2774 ti
381 2751 393 2784 ,
404 2703 457 2775 vel
476 2627 703 2774 nnlldlleun
711 2703 786 2799 quis
804 2725 886 2803 erga
906 2700 1052 2774 taletnin
1072 2703 1251 2774 mente'aut
1262 2709 1481 2807 cogitatione
1496 2733 1549 2778 aii·

342 2821 377 2870 te
397 2799 515 2872 diuus
536 2797 742 2880 fiterit,inio
752 2797 964 2897 abejustnodi
974 2797 1175 2874 simulachro
1195 2802 1249 2877 vel
1270 2803 1551 2903 objedhainsom·

257 2931 263 2937 ·
341 2901 394 2971 nis
419 2901 560 2970 abbione·
574 2893 702 2996 semper
722 2897 952 2972 abhorruerit:
975 2899 1128 3000 vulgaria
1149 2898 1319 3000 liquidem
1343 2901 1464 2975 somnia
1477 2927 1548 3000 pro

341 2997 521 3069 humorum
543 3045 554 3078 ,
578 2999 826 3101 cogitationum
850 3005 889 3070 &
913 2993 1130 3072 affeffionunr
1158 3000 1318 3074 dominio
1337 3024 1450 3073 naturae
1477 2999 1549 3074 du-

341 3085 397 3170 uin
416 3093 487 3167 sere
499 3095 605 3195 dirigi
617 3099 830 3198 nonignorO.
853 3101 910 3172 Sic
928 3097 983 3180 fit,
996 3093 1223 3171 uttastiffitnae
1245 3103 1405 3175 vitarim
1418 3101 1552 3198 [qnan-

339 3219 442 3296 quam
466 3190 635 3293 sanguinis
660 3194 1017 3295 etiampituitostoris,
1040 3199 1099 3298 qui
1121 3197 1206 3271 nihil
1228 3193 1340 3300 spurci
1359 3197 1494 3300 pridem
1511 3203 1554 3273 in

341 3297 453 3366 animo
475 3296 630 3390 concepit
650 3341 661 3374 ,
688 3293 742 3367 vel
762 3294 896 3367 admisit
916 3343 929 3376 ,
952 3320 1052 3394 quem
1071 3321 1133 3368 nee
1167 3301 1374 3400 vigilantem
1391 3295 1556 3376 obseoena

339 3387 552 3496 suggestione
579 3395 615 3462 in
640 3387 833 3464 consensum
868 3393 1060 3493 pertrahere
1090 3399 1205 3495 potuit
1227 3397 1469 3496 daemonium)
1498 3403 1553 3476 ali·

204 3507 210 3518 ·
364 3489 473 3564 iiando
493 3509 604 3560 tamen
615 3487 753 3584 alicujus
773 3490 923 3564 foemina
934 3494 1193 3592 minquamvisae
1206 3521 1307 3577 ‚eum
1319 3523 1392 3598 qua
1411 3525 1553 3606 congre·

338 3519 468 3682 diarum
488 3587 687 3661 delectabile
710 3589 873 3662 obveniat
895 3589 1130 3665 simulachrum
1147 3597 1182 3666 in
1200 3591 1349 3676 somno,
1369 3600 1472 3673 unde
1488 3625 1555 3672 tam
1603 3599 1609 3623 “’

339 3713 390 3761 tus
410 3688 593 3786 voluptatis
615 3681 723 3760 sensus
742 3692 950 3788 percipitur,
973 3713 1011 3763 ut
1019 3717 1097 3765 cuin
1113 3695 1220 3766 multa
1237 3693 1555 3772 titillationesemi-

337 3791 389 3858 nis
399 3785 548 3886 profusio
567 3783 798 3886 consequatur.
850 3787 974 3862 Eadem
993 3795 1123 3864 tatione
1141 3795 1177 3865 in
1188 3791 1264 3865 aliis
1286 3793 1486 3869 turbulenta
1503 3798 1551 3868 la-

338 3881 540 3983 boriosaque
574 3883 703 3958 somnia
722 3889 757 3958 in
776 3886 955 3985 phantasiae
990 3895 1130 3990 organis
1164 3889 1258 3992 posse
1282 3893 1549 3976 hdaemonein-

338 4005 389 4056 ter
413 3983 649 4060 dormiendum
671 3987 753 4061 cieri
767 3985 920 4086 judico,
949 3987 1038 4092 unde
1056 3995 1096 4064 dt
1122 3987 1301 4068 manifesta
1328 3991 1475 4164 laffinfigo
1502 3999 1551 4067 de

1454 4110 1561 4196 {¹8²}
