3198 4422
346 177 417 263 768
504 177 583 244 Du
648 164 963 263 Jnjuurrs
1028 163 1403 237 Contrane.

345 315 468 386 Panem
479 309 643 376 nimerum
657 295 826 397 messalem
841 321 899 396 per
919 293 1090 368 fornicem
1103 297 1243 396 templi
1256 293 1452 381 demissum,
1467 327 1518 374 ca-

345 410 434 510 pillis
456 403 672 475 foeminarum
692 393 889 470 tenuilltmis
910 395 1115 496 alligatum,
1137 395 1282 492 eol'que
1304 425 1374 470 non
1394 403 1513 498 potnille

344 503 516 578 observari
530 502 571 574 ab
592 503 632 570 iis
645 502 704 598 qui
724 498 913 598 longinque
923 517 1044 596 panem
1066 492 1307 593 spechbant:
1336 501 1449 572 Adlrat
1461 497 1507 580 ,se

344 612 470 677 interea
481 597 609 699 semper
619 601 708 670 laute
724 595 870 668 seorsum
884 594 1001 669 vixillc
1013 617 1090 664 cum
1114 593 1320 670 abbatibus
1336 599 1375 670 ad
1386 601 1509 699 quosli-

345 703 517 782 t'ertebat,
547 697 672 798 quibus
691 689 793 768 etiarn
815 695 1037 774 lamilrarius,
1066 695 1327 792 conjunffius,
1347 701 1393 770 rel
1409 705 1514 798 potius

344 802 506 873 carnalius
519 796 701 869 fruebatur.
747 797 891 871 Circiter
901 815 967 866 tres
986 796 1116 866 etenim
1129 793 1236 865 fuere
1266 799 1283 894 ζ
1296 795 1511 872 nifimemorr'a

345 901 464 982 fallar,
485 898 540 970 vel
552 902 579 970 is
592 895 690 969 falsus
703 889 820 975 latent,
842 897 900 992 qui
918 917 989 965 rem
1007 917 1083 966 vere
1095 893 1241 993 gestam
1266 899 1396 995 retulit)
1415 899 1507 968 indi-

345 999 448 1075 versrs
461 997 621 1071 canobiis
636 1021 695 1078 ,ac
706 998 740 1065 in
751 1019 955 1092 unoquoque
965 991 1093 1064 menles
1107 993 1257 1090 aliquot
1270 995 1361 1068 hisce
1371 997 1496 1069 ludibriis

347 1099 565 1174 dementabat
576 1098 634 1168 illa
647 1091 870 1194 quoscunque.
896 1091 1051 1167 Tandem
1063 1093 1142 1163 dita
1156 1115 1283 1168 morte
1292 1124 1404 1198 poenas
1413 1096 1495 1176 clelit,

350 1194 718 1275 veluti&abbates,ac
730 1193 929 1264 monasteria
941 1192 1068 1264 diruta.
1099 1215 1132 1242 ··

211 1299 330 1407 rupiana
401 1307 416 1389 §
441 1324 499 1394 43.
525 1299 594 1367 Hic
607 1296 717 1366 locum
730 1315 876 1366 meretur
895 1313 1031 1390 quoque
1051 1285 1191 1361 famosa
1215 1293 1375 1391 quaedam
1395 1296 1508 1378 vetula,

210 1376 318 1489 W».
352 1425 426 1498 quae
439 1423 474 1469 ut
493 1397 654 1498 peculiari
665 1385 1017 1494 angelicaesanffitatis
1030 1389 1207 1488 opinione
1217 1394 1444 1470 Perfefflonis
1453 1403 1513 1470 Re·

212 1501 254 1538 Μ·
353 1499 467 1599 gulam
480 1518 628 1568 recenter
647 1494 832 1565 institutam
856 1489 1072 1563 confirmaret
1090 1493 1282 1574 Veneriis,
1303 1497 1374 1566 duo
1386 1496 1511 1570 libiam

354 1599 410 1696 pla
429 1598 641 1692 comparavit
659 1590 806 1689 ejusdem
827 1587 943 1662 formae
963 1589 1142 1660 volumina
1159 1615 1167 1660 :
1198 1595 1363 1689 Qorum
1387 1598 1501 1668 alenam

353 1695 543 1768 Bibliorum
553 1713 626 1762 erat
637 1740 648 1771 ,
669 1683 1106 1760 altetumclstulacla'ululis
1129 1688 1227 1760 velut
1237 1695 1328 1764 liber
1340 1697 1506 1772 adornata,

259 1815 264 1822 ·
350 1815 451 1888 quam
470 1785 626 1886 deprcffis
639 1785 823 1884 lagunculis
835 1779 918 1859 vino
938 1779 1124 1860 miliario>
1139 1787 1272 1886 plenis,
1294 1813 1365 1862 tum
1378 1805 1417 1866 δι
1431 1822 1513 1868 mat·

349 1892 406 1961 tiis
420 1887 564 1984 panibus
588 1883 630 1956 ab
650 1879 721 1982 ipsa
742 1909 784 1984 err
805 1905 970 1983 caponum
996 1879 1238 1986 perditumque
1254 1890 1509 1986 pulpamentis,

315 2035 324 2048 ·
350 1983 749 2084 saccharo&amigdalis
761 1985 824 2056 rite
835 1988 1027 2084 apparatis,
1051 1979 1254 2058 irrfattiebat.
1298 1984 1499 2058 Hiscetlno-

350 2088 413 2160 bus
424 2085 522 2157 libris
544 2083 683 2184 pulchre
693 2082 873 2164 instrubla,
895 2087 929 2168 ln
941 2081 1101 2156 cellulam
1112 2081 1147 2156 se
1158 2083 1327 2182 recipiebat
1336 2085 1497 2158 abdebat-

352 2212 431 2296 que,
443 2179 635 2282 religiosam
648 2167 776 2284 scilicet
788 2205 888 2284 agens
901 2185 1005 2254 vitam
1017 2183 1206 2283 'plerunque
1215 2188 1285 2258 dies
1299 2189 1443 2288 quinque
1453 2213 1507 2262 aut
1590 2235 1591 2274 r

329 2291 335 2300 '
354 2289 410 2359 lex
422 2282 710 2452 contemplatione
720 2287 839 2376 ,varias
864 2281 1028 2354 &alteris
1053 2279 1123 2355 illis
1139 2285 1266 2358 Bibli‘rs
1277 2290 1455 2404 vigilanter
1463 2289 1509 2362 lt·

356 2383 537 2465 uitanda,
579 2407 663 2453 onec
675 2379 837 2483 quitquid
857 2385 892 2450 in
903 2385 944 2451 iis
963 2375 1185 2455 delitesceret
1196 2387 1350 2488 myllern
1368 2389 1501 2462 evacual—

356 2485 427 2560 set:
452 2489 533 2558 Nec
552 2478 627 2553 sane
640 2483 767 2552 interea
786 2483 948 2578 temporis
958 2485 1143 2580 quicquam
1166 2483 1267 2560 aliul
1280 2491 1499 2586 cibianrparns

295 2653 310 2665 ,
358 2582 524 2684 gustabat.
556 2580 635 2654 Odi
664 2581 1507 2684 nummemoriamirnculum‚bmpstjmbffinffi

356 2691 416 2751 tia.
460 2606 729 2772 Qidrantlbm?
749 2681 787 2746 ln
808 2677 873 2750 hoc
883 2679 1058 2778 religionis
1077 2703 1214 2754 arcanae
1228 2695 1394 2761 exercitio
1404 2687 1514 2788 perdu.

356 2803 422 2857 rat,
433 2775 539 2845 donec
550 2776 709 2874 mysterio
720 2775 869 2850 revelato
885 2826 895 2858 ,
917 2769 1097 2874 multisque
1112 2783 1511 2864 inventicliresiffinffln

357 2879 427 2954 riis,
440 2874 550 2972 palam
562 2877 578 2944 :l
590 2875 783 2974 magistratu
795 2875 900 2946 exilio
911 2879 1094 2976 puniretur.

405 2994 422 3054 §
446 2991 508 3070 44·
537 2975 682 3048 Circiter
701 2999 820 3062 annum
834 2973 1073 3075 sexagessmum
1093 2983 1269 3074 quintum
1292 2979 1500 3090 supranilltli-

359 3099 449 3144 muni
461 3073 765 3171 quingentcllmunr
778 3126 785 3154 ‚
798 3077 831 3144 in
844 3069 991 3149 Castlliae
1003 3101 1100 3148 novae
1111 3085 1368 3161 Marclrionatu
1377 3089 1500 3160 dtSenet

357 3173 425 3243 duo
446 3172 549 3243 ferme
561 3172 704 3242 miliaria
725 3171 880 3248 d'eCovil
901 3173 976 3246 nida
998 3179 1032 3245 in
1045 3177 1340 3260 villaTanrerlon
1358 3182 1501 3275 lut‘tnffl'ffl

358 3270 552 3342 morabatur
573 3296 733 3343 annorum
754 3265 921 3351 sedecim,
948 3271 1082 3373 fingens
1100 3271 1133 3348 l'e
1155 3287 1304 3361 'virtute
1324 3283 1508 3390 l'plt'mlslme

358 3371 437 3442 cibo
452 3391 554 3470 ,potu
569 3421 579 3452 ‚
602 3373 795 3442 excretiorre
807 3371 872 3444 alvi
886 3379 922 3446 &²
934 3375 1039 3444 urinae
1052 3380 1195 3452 circiter
1211 3385 1390 3461 biennium
1400 3383 1510 3460 virile.

359 3471 414 3544 Ad
428 3471 513 3542 banc
524 3468 657 3539 tandem
672 3467 951 3542 accedebantduo
963 3471 1028 3544 frlii
1041 3473 1135 3550 ducis
1150 3487 1321 3562 Metlinae
1331 3492 1421 3570 coeli,
1434 3485 1514 3587 qnid·

359 3571 512 3646 namhoc
532 3571 579 3641 rei
592 3565 897 3670 effetinqulsrtum:
925 3573 997 3668 Qi
1020 3573 1132 3648 levata
1155 3579 1282 3658 lodlce
1303 3587 1361 3660 sub
1380 3617 1444 3689 qua
1462 3578 1513 3685 iplt

252 3705 262 3728 ·
320 3675 324 3684 '
360 3671 522 3750 cubabat,
548 3695 713 3768 manuque
735 3665 882 3749 inserta,
903 3667 1027 3740 lectum
1040 3673 1130 3747 lotio
1153 3678 1382 3760 del'oerlattrnr
1403 3711 1516 3785 compe

358 3771 458 3936 nupt.
504 3770 632 3868 Fraude
648 3769 792 3845 revelata
804 3817 822 3849 ‚.
836 3759 928 3840 illam
939 3771 1163 3868 Inquisitiorri
1187 3787 1346 3866 tradidit
1368 3789 1511 3866 blartln'o·

364 3893 396 3936 nr
429 3895 458 3936 a.
706 3895 710 3902 ·
739 3899 742 3904 ·
784 3889 789 3898 ·
894 3889 897 3896 ’
939 3888 943 3896 ·
1590 3919 1591 3948 p

1422 3987 1510 4063 ll'anae
