3210 4430
161 163 801 252 ‚Ouarnvnnrouurr
849 161 975 230 Lrn.
1021 163 1052 231 1.
1170 185 1245 248 909

6 329 10 374 r
43 319 125 398 pem
146 294 312 368 medicam
327 294 457 368 tamdiu
467 289 602 392 respuit,
613 291 1246 394 donecicapite&finitimispartibus

6 432 8 474 ι
39 398 194 496 primum
206 399 294 466 circa
305 393 468 466 sinistram
478 389 645 492 scapulam
656 391 872 464 decumberet
882 392 1034 465 humoris
1044 397 1166 492 copia:
1188 397 1249 492 qui

6 553 9 598 p
40 493 231 594 negledus,
242 494 334 564 leuto
344 492 481 564 defluxu
491 488 656 564 musculos
667 495 790 565 ventris
802 489 948 570 sinistros
959 487 1152 564 interseruit
1165 519 1173 564 :
1185 494 1245 564 ubi
1261 503 1375 581 uiscus*

39 596 193 664 excitata
201 591 406 694 phlegmone
411 617 484 690 ,pus
497 595 650 690 genitum
661 587 834 689 copiosum
845 589 1247 689 putidissimumque‚con-
1263 582 1382 694 iffi*

34 693 159 762 ‘tinuas
171 711 281 790 partes
292 691 455 772 decu-bitu
464 687 579 762 sedulo
590 691 721 763 vitiavit
735 689 959 788 ‚tandemque
972 689 1014 760 ad
1026 689 1146 762 laevum
1159 693 1248 788 peri·
1263 694 1331 761 fuas.

40 792 149 860 tonaei
159 789 243 861 latus
255 787 393 870 resedit,
406 813 483 860 tum
493 811 647 859 tumore:
660 791 719 886 qui
730 795 748 860 a
760 788 921 888 chirurgo
930 785 1057 870 sedus,
1074 792 1247 889 ingentem
1316 837 1320 844 ·
1362 806 1367 818 ·

40 881 246 960 foetidiffirni
259 891 351 986 puris
361 891 581 986 quantitatem
591 885 744 958 reddidit
756 913 768 966 ;
789 887 853 958 hoc
863 909 974 959 tamen
987 887 1175 985 poste-anon
1186 884 1259 973 nis1¹

45 1004 169 1062 ventre
180 983 370 1083 compresso
382 987 493 1058 fluxit:
505 1009 609 1082 quare
621 985 748 1059 viribus
758 985 868 1057 indies
881 989 989 1086 magis
1001 1011 1038 1056 ac
1048 989 1157 1084 magis
1168 986 1249 1056 flac-

6 1135 8 1176 5
38 1081 256 1158 testentibus
270 1085 364 1183 ,post
374 1081 573 1182 septimanas
584 1105 676 1168 tres,
698 1084 741 1155 de
751 1086 876 1156 ventris
886 1086 1058 1156 inferioris
1071 1081 1246 1165 incisione,

39 1185 193 1279 excujus
213 1181 283 1252 sinu
294 1209 354 1282 pus
366 1183 511 1256 defluere
521 1183 795 1263 existimabatur,
827 1182 868 1254 ab
878 1186 920 1255 iis
931 1180 1019 1256 serio
1030 1186 1177 1280 agitatur
1190 1185 1248 1281 qui

40 1283 218 1352 curationi
227 1285 409 1354 intererant
422 1309 430 1356 ε
443 1305 649 1384 rogaturque
661 1285 824 1380 Princeps
834 1279 943 1379 noster
965 1277 1252 1364 clementissimae,

41 1385 132 1454 Dux
144 1378 275 1460 Cliniae,
286 1380 395 1477 Juliae,
411 1387 479 1454 &c
490 1389 668 1481 AEgrotum
678 1377 842 1461 invisens,
857 1403 895 1452 ut
905 1379 1045 1452 eundem
1056 1376 1249 1453 institionis

41 1472 243 1550 consensum
255 1479 438 1553 induceret:
454 1505 496 1550 eo
506 1481 632 1552 etenim
642 1478 749 1552 modo
761 1482 951 1579 promptius
971 1475 1252 1576 liberiusquefine

8 1657 12 1665 ,
38 1573 255 1674 expressione
266 1604 326 1676 pus
336 1579 505 1650 fluxutunr
516 1577 705 1680 sperabant.
731 1583 788 1660 se,
799 1577 880 1676 quid
894 1579 1002 1650 hatin
1012 1602 1047 1650 re
1058 1577 1251 1675 proficuum

37 1672 150 1756 esset,
161 1699 227 1746 non
237 1672 516 1778 satisintelligete
526 1731 536 1758 ,
547 1675 719 1778 respondit
729 1679 889 1777 Princeps
902 1703 911 1750 r
923 1697 957 1748 at
967 1672 998 1746 se
1009 1677 1185 1758 missurum
1205 1683 1250 1748 eo

38 1769 142 1846 suurn
154 1773 514 1858 medicum‚rnediciriae
528 1785 566 1851 δι
581 1777 760 1876 chirurgiae
770 1779 927 1876 peritum:
940 1778 995 1846 cui
1006 1771 1030 1846 s1
1041 1773 1159 1848 incrsro
1170 1799 1252 1874 pro-

41 1869 230 1952 baretunse
240 1877 547 1976 quoquecaiculum
560 1875 695 1949 addere.
722 1875 867 1948 Proinde
878 1900 920 1946 eo
930 1873 1121 1976 ablegatus,
1134 1874 1250 1946 vulne-

33 1993 78 2045 re
100 1969 436 2076 conspe&0,corpus
455 1980 679 2054 emaciatum,
699 1973 850 2069 viresque
872 1979 919 2046 im
965 1973 1046 2044 odio
1057 1972 1250 2070 prostratas,

40 2091 120 2143 turn
133 2069 228 2168 pulsu
241 2073 413 2154 debili,ac
422 2074 465 2142 de
476 2073 558 2142 hora
569 2075 605 2140 in
616 2071 735 2138 horam
746 2074 855 2167 magis
866 2072 921 2140 inc
938 2075 1048 2140 'nante
1060 2119 1071 2148 ,
1082 2073 1247 2167 comperi.

38 2172 162 2261 Qare
174 2171 259 2237 nihii
268 2170 337 2262 spei
348 2173 384 2237 in
394 2168 541 2236 sedtione
551 2163 745 2262 ponendum
757 2161 827 2235 esse
840 2162 917 2246 ,sed
928 2187 1077 2238 extrema
1094 2170 1253 2243 immine-

38 2288 78 2334 re
83 2261 251 2360 judicavi.
263 2267 360 2334 Hora
369 2264 549 2344 matutina,
562 2285 704 2334 mortem
716 2265 905 2361 proximam
917 2261 1119 2365 significavit
1138 2263 1250 2364 pulsus

35 2364 264 2458 interceptus:
278 2383 396 2434 contra
411 2361 621 2462 impudentes
634 2361 797 2437 Fedronis
819 2360 1035 2434 Paracelsrstae
1055 2364 1251 2446 calumnias,

39 2463 103 2560 qui
114 2457 226 2560 pulsus
238 2459 558 2534 animadversionem
568 2461 656 2534 ridet
665 2465 701 2533 in
711 2459 863 2533 mendaci
874 2457 1071 2558 famosoque
1081 2457 1141 2532 suo
1151 2459 1251 2532 libel-

39 2559 77 2630 io
90 2563 312 2632 Germanico.
334 2560 440 2634 Paulo
463 2559 536 2660 posi
548 2561 602 2632 hic
613 2565 649 2633 in
670 2564 825 2636 Domino
844 2558 1042 2632 obdormit:
1063 2561 1118 2632 cui
1131 2585 1172 2631 ex
1184 2561 1251 2630 irn-
1284 2581 1286 2588 ’

39 2655 160 2727 mensa
181 2653 237 2728 sua
264 2657 419 2754 bopitate
435 2659 547 2732 locum
575 2664 611 2732 in
626 2659 790 2758 justorum
819 2655 1058 2731 resurrectione
1087 2658 1250 2758 largiatur

41 2761 157 2829 Deus.
182 2761 306 2830 ventre
316 2760 405 2829 circa
416 2760 616 2831 umbilicum
625 2757 733 2830 inciso
749 2778 861 2839 ,tanta
871 2754 1076 2858 putidissimi
1087 2767 1179 2857 puris
1190 2783 1257 2830 co·-

38 2855 101 2951 pia
111 2850 272 2936 effluxit,
297 2877 334 2928 ut
346 2876 388 2928 ex
399 2861 523 2930 ventris
543 2855 633 2956 pleni
644 2881 729 2930 cavo
739 2855 775 2927 id
798 2855 965 2928 exundare
970 2857 1040 2951 jam
1065 2855 1257 2941 crederent,-

43 2954 104 3050 qui
117 2955 261 3024 anteain
273 2975 311 3024 ea
321 2958 483 3054 opinione
494 2954 637 3029 sterant.
662 2949 899 3030 resectionem
922 2949 1133 3053 prosequuti,
1162 2959 1250 3028 inter

41 3047 213 3124 musculos
227 3050 429 3126 trans'versos
440 3054 561 3127 &obli
588 3079 664 3134 uos,
675 3053 864 3126 utidiotnm
875 3052 944 3135 est,
961 3051 1113 3124 cloacam
1131 3051 1251 3152 depre-

43 3149 233 3222 hendimus.
258 3155 298 3222 In
311 3149 440 3224 sinistro
450 3081 677 3225 autemsattre
692 3177 752 3224 cor
769 3149 1038 3232 eratflatcidius,
1049 3174 1090 3222 ex
1102 3155 1197 3252 gravi
1210 3159 1247 3225 &
1382 3234 1386 3251 1

44 3251 209 3323 continuo
219 3249 396 3322 exhalante
406 3249 612 3348 sarienteque
626 3275 751 3348 uapore
761 3249 893 3348 putido:
906 3271 980 3324 atro
991 3249 1104 3322 adhaec
1116 3248 1170 3321 san
1199 3256 1270 3322 uia
1289 3305 1292 3310 -
1342 3283 1346 3296 ·

44 3370 86 3416 ne
96 3353 131 3418 ni
176 3347 312 3420 itabant
329 3375 420 3425 venae
431 3375 491 3422 cor
511 3355 699 3452 cingentes,
722 3347 891 3422 inveficae
918 3349 1153 3421 collococtum
1164 3277 1251 3420 ‹seli-
1363 3439 1367 3443 η

44 3374 193 3518 tescedit
202 3473 262 3546 pus
273 3447 509 3547 alburnrquare
519 3473 580 3522 nec
589 3451 904 3522 utinameontinere
916 3451 1028 3549 potuit
1039 3446 1247 3544 aliquandiu,
1347 3511 1353 3524 ,

46 3541 141 3639 quod
151 3542 194 3614 ad
203 3547 323 3618 calculi
331 3547 498 3620 lesionem
509 3547 739 3622 reserabatur?
757 3543 814 3620 sed
824 3546 960 3621 aliunde
979 3544 1015 3616 id
1039 3547 1249 3618 contractum
1328 3605 1344 3636 ,

46 3643 214 3736 apparuit.
227 3647 266 3715 In
276 3647 463 3719 ventriculo
473 3648 634 3745 quiddam
644 3647 744 3720 instar
755 3646 906 3719 humoris
932 3641 1044 3716 biliosr
1060 3640 1255 3715 innatabat„

48 3737 198 3840 Reliqua
209 3739 343 3830 viscera,
352 3748 402 3822 nri
412 3752 450 3820 δι
461 3746 604 3824 universi
616 3749 768 3853 corporis
781 3767 905 3845 partes,
920 3739 1119 3824 ,videbantur
1128 3738 1245 3816 illaesa.

598 4041 815 4140 iturra.
908 4119 910 4122 .
1059 4022 1061 4032 ⁴
1161 4041 1256 4118 ὼ
