3210 4430
310 155 388 228 9¹4
641 118 1227 218 Joannrswtunr

313 262 437 358 partim
450 249 677 357 pestilentibus
684 248 881 322 bubonibus
899 244 959 318 sub
971 246 1138 320 axillis&
1151 247 1376 347 inguinibus.
1426 252 1530 324 Hunc

314 381 492 428 immanem
514 351 671 422 morbum
691 352 840 422 carmine
862 350 985 420 Latino
1016 345 1181 445 deinceps
1200 344 1386 446 descripsit
1405 346 1528 420 destrs-

313 453 411 526 limns
425 451 581 528 Medicus
601 451 833 547 Hieronymus
852 435 1080 522 Prae-asturius
1100 448 1136 514 in
1158 440 1230 541 sua·
1247 447 1435 545 Sypbilide
1476 451 1526 518 Ex

313 552 465 652 prandisti
487 551 656 622 Guidonis
677 549 768 620 libro
780 546 926 643 aliquam
940 544 1037 641 hujus
1047 541 1166 614 morbi
1177 551 1352 617 notitiam
1365 544 1529 618 hausrtex·

311 643 564 750 perientiffimus
575 643 724 722 Valesius
734 645 775 717 de
786 655 934 721 Taranta
946 645 997 714 uti
1015 641 1134 717 videre
1154 639 1257 716 estin
1271 646 1531 743 appendiceejus

200 821 205 830 ,
308 753 488 834 sl'rasbatus
510 744 758 819 dePleutitide.
774 746 997 816 Arenimcum
1019 739 1228 813 methodica
1240 745 1533 840 aliquacuratioa

310 853 445 919 nemine
455 871 627 946 quoquam
651 840 815 942 descripta
834 841 895 923 est,
907 841 1001 914 volui
1014 837 1170 914 breviter
1183 846 1226 912 &
1248 840 1431 913 summatim
1452 867 1531 912 earn

308 945 482 1026 indicare,
504 946 546 1014 ad
557 944 738 1016 utilitatem
750 941 974 1040 indigentium
987 938 1195 1012 miserorum
1224 989 1238 1020 ‚
1266 966 1370 1012 meam
1388 941 1531 1012 Metho-

310 1045 417 1136 dum,
438 1067 539 1143 quam
560 1068 628 1142 ego
638 1045 674 1114 in
693 1044 763 1140 ejus
790 1064 868 1111 cura
877 1035 1056 1112 observavi
1076 1087 1088 1120 ,
1111 1064 1189 1138 quae
1202 1035 1285 1114 sane
1300 1063 1434 1139 propter
1450 1035 1530 1111 inst-

313 1170 417 1246 gnem
428 1140 655 1216 diversitatem
668 1146 733 1238 qud
743 1139 784 1211 ab
797 1139 870 1209 aliis
889 1133 1006 1208 differt
1025 1161 1180 1208 meretur
1199 1137 1297 1216 ¹benc
1308 1141 1469 1238 expendi.

367 1249 382 1330 §
408 1272 440 1331 9.
466 1243 583 1314 Primo
606 1263 747 1336 namque
759 1239 903 1320 ,cumin
923 1236 1104 1307 ordinario
1126 1236 1326 1312 Pleuritide
1346 1237 1532 1311 consuetum

317 1337 444 1412 suante
454 1343 569 1410 omnia
582 1363 698 1411 venam
710 1337 883 1414 incidere,
904 1335 1121 1432 multumque
1141 1332 1328 1435 sanguinis
1347 1338 1531 1412 detrahere,

226 1465 236 1492 ¹
263 1471 276 1485 ·
320 1467 391 1537 quo
403 1437 537 1540 sanguis
549 1435 774 1508 inflammatus
789 1435 893 1510 veluti
906 1433 1000 1503 radix
1013 1433 1113 1528 hujus
1126 1435 1223 1514 mali,
1235 1460 1305 1507 una
1316 1447 1360 1508 cti
1369 1437 1440 1508 aliis
1448 1458 1531 1533 prz-

201 1532 206 1558 ¹
270 1537 282 1552 '
320 1561 369 1610 ter
392 1562 544 1610 naturam
569 1533 760 1606 tumoribus
780 1533 935 1606 imminui
956 1580 967 1614 ,
991 1539 1031 1604 &
1053 1531 1204 1604 asflmtus
1224 1537 1245 1604 ri
1266 1534 1376 1610 latere
1389 1535 1532 1606 summo-

319 1641 390 1714 veri
424 1645 459 1709 &
486 1635 636 1708 derivari
661 1628 759 1736 polilt
780 1681 792 1714 ,
814 1635 848 1704 in
868 1629 934 1707 boc
953 1653 1067 1702 tamen
1099 1630 1269 1731 pestilenti
1301 1636 1428 1708 morbo
1453 1629 1533 1706 tort·

217 1754 223 1763 ·
319 1739 442 1806 tarium
466 1731 532 1804 fnit
552 1729 766 1806 observatum
788 1777 800 1810 ,
821 1728 981 1802 videlicet
1003 1727 1176 1830 sanguinis
1196 1725 1421 1808 millisronem
1444 1734 1534 1808 valde

313 1828 537 1929 perniciosam
567 1823 669 1898 fuisse
697 1877 709 1907 ,
745 1826 835 1925 apud
865 1853 924 1899 eos
948 1825 1159 1925 praeserrim,
1179 1833 1240 1924 qui
1262 1853 1342 1901 curn
1366 1830 1446 1900 ruffi
1461 1830 1537 1904 lan·

313 1931 450 2028 guinem
480 1926 733 2004 excernebant,
754 1923 849 2022 quod
871 1925 991 2023 procul
1012 1925 1192 1998 dubiobiuc
1211 1923 1421 2008 unomen,
1442 1933 1538 2026 quia

312 2051 371 2124 per
383 2021 658 2114 venaesecbionem
669 2047 836 2096 venenum
850 2023 949 2097 valde
959 2022 1027 2097 suit
1037 2023 1368 2128 agitamm‚ade‹5que
1379 2025 1532 2126 spiritus

316 2117 1216 2224 vitalesmagissuerintdiffipati‚&sanguisaveneno
1226 2124 1537 2226 magisconcuisus

314 2229 352 2296 &
365 2221 506 2296 infestus
518 2221 628 2296 suerit.
636 2221 777 2298 Accedit
785 2227 823 2294 δι
836 2223 1006 2321 hoc‚quod
1018 2249 1079 2320 per
1090 2221 1361 2298 venael'ecnonem
1371 2227 1536 2299 humores

316 2319 428 2400 versus
439 2326 603 2396 interl'ora
613 2326 759 2422 pesloris
774 2319 900 2392 suerint
912 2323 1342 2406 retradimndesaelummt
1352 2321 1533 2426 sanguinis

314 2419 448 2522 sputum
469 2418 570 2496 suerit
579 2421 783 2522 impeditum
803 2415 858 2492 seu
872 2441 1041 2492 retentum
1062 2419 1282 2497 &subsecuta
1299 2419 1533 2516 suerirmajor

313 2523 551 2594 inflammatio.
575 2526 794 2620 Qapropter
807 2515 901 2616 (meo
916 2519 1054 2618 quidem
1065 2521 1225 2619 judicio)
1235 2524 1390 2624 llippocr.
1402 2527 1444 2594 L.
1456 2544 1519 2592 vr.

317 2624 404 2698 secl.
413 2617 979 2720 3partic.ultEpidemadmodum
989 2623 1173 2720 ingeniose
1187 2629 1227 2695 δι
1246 2623 1419 2719 prudenter
1436 2623 1533 2692 inter

316 2717 559 2813 impedimenta
571 2719 826 2790 vestalesliones
837 2719 1024 2792 numeravit
1048 2719 1273 2792 Pleuritidem
1286 2726 1347 2804 ,δι
1368 2717 1531 2824 sanguinis

269 2855 272 2863 ·
315 2811 461 2912 sputum.
484 2821 527 2886 Et
537 2839 673 2915 propter
685 2815 767 2890 hanc
778 2813 1007 2902 differentiam
1018 2814 1322 2892 seudiversttatem
1335 2875 1343 2900 ,
1356 2843 1424 2922 ego
1433 2827 1466 2893 in
1473 2844 1533 2921 ge·

317 2936 397 2983 nete
415 2939 572 3012 expertus
586 2911 657 2985 lum
670 2915 748 3014 plus
769 2915 929 2986 utilitatis
942 2923 979 2988 &
992 2911 1120 2989 fruetus
1132 2917 1303 3002 attulisse,
1313 2918 1465 2992 nullamli
1473 2927 1530 2987 r'n-

319 3007 490 3090 stituissem
504 3011 887 3112 venaeses’tionemzquod
903 3013 926 3085 st
939 3017 992 3084 cui
1004 3039 1089 3086 vena
1101 3015 1205 3088 suerit
1214 3014 1305 3091 seriba
1316 3015 1429 3114 absque
1437 3017 1530 3114 peri·

316 3110 407 3190 culo,
420 3111 455 3181 id
467 3109 593 3182 fastum
605 3109 669 3182 suit
684 3111 794 3183 statim
804 3119 840 3184 in
851 3115 1037 3212 principio,
1049 3139 1128 3186 cum
1141 3115 1294 3188 noudum
1305 3115 1462 3217 sauguinis
1472 3109 1528 3185 es-

319 3208 373 3279 set·
388 3205 610 3283 extravasatus
633 3216 670 3281 δι
692 3213 727 3280 in
745 3209 925 3308 juvenibus
944 3211 1218 3310 aeplethoricis‚
1244 3215 1531 3310 autinusinqui·

320 3306 382 3378 bus
395 3306 550 3379 consucta
561 3307 673 3406 aliqua
687 3306 857 3410 linguinis
871 3315 1045 3382 evacuatio
1056 3337 1130 3386 crat
1141 3311 1323 3414 suppressa.

188 3439 286 3486 cmm,
372 3413 387 3496 §
414 3429 472 3478 10.
509 3401 647 3503 Insuper
667 3409 801 3504 quando
823 3407 958 3480 morbus
977 3411 1109 3482 invadit
1127 3437 1206 3485 curn
1228 3413 1533 3498 acribu5,tenuibus

324 3513 362 3578 &¹
376 3509 543 3582 venenatis
555 3505 805 3578 rlelluxionibns
820 3557 830 3588 ‚
843 3513 862 3580 b
874 3505 993 3606 quibus
1007 3507 1107 3580 dolor
1117 3507 1386 3614 insignisorirur
1410 3513 1526 3588 inflam-

324 3609 467 3676 mationi
487 3607 679 3703 conjundus
694 3631 781 3706 ,ego
795 3632 873 3702 mox
886 3607 904 3673 ὲ
919 3603 1060 3706 vestigio
1074 3630 1155 3684 utor
1176 3636 1300 3684 arcano
1312 3623 1524 3716 ameparato,

326 3708 363 3772 ὅ(
382 3711 465 3776 Tuae
486 3703 613 3778 Cellit:
635 3705 778 3804 cognito
800 3719 808 3782 '‚
831 3731 906 3802 quae
927 3703 1046 3776 eodem
1058 3702 1145 3808 sepe
1166 3707 1283 3782 usaell
1296 3715 1332 3782 in
1346 3706 1521 3813 periculus

325 3801 451 3872 morbis
466 3805 745 3902 autgrnviorrbns
766 3801 1117 3902 symptomatibusseu
1138 3807 1517 3898 invafionibunune

323 3899 539 3972 rinuosecum
549 3901 720 3998 gestat,in
732 3900 840 3976 sorma
851 3903 1028 4001 pilularum
1048 3901 1298 4006 magnitudinis
1321 3911 1453 3986 demidii
1464 3896 1522 4002 pist

713 4045 717 4050 -
1263 4033 1270 4040 ·
1441 4025 1532 4100 cujus
