3254 4438
328 165 403 258 59⁶
567 101 965 252 'Jonuura
1022 102 1289 227 Vim

691 367 1171 458 neonocrn

385 579 571 691 Adversus
582 580 754 694 quendam
775 578 921 659 Paulum
940 571 1195 676 Scbalicbim,
1209 572 1326 684 quise
1348 578 1494 659 Princi-

256 713 260 718 '
671 712 753 806 pem
773 691 864 772 dela
882 691 982 769 itala
999 691 1151 770 vocitat.

485 865 818 982 Eprofestooptilne
837 877 995 950 meritum
1005 871 1069 947 effe
1080 875 1123 948 de
1134 873 1328 972 Republica
1336 877 1552 964 Christiana,

331 891 526 1116 M&
539 979 663 1052 bonam
675 977 763 1077 apud
771 998 888 1048 omnes
899 973 1008 1047 iniillc
1022 978 1168 1077 gratiam
1188 972 1375 1048 existimari
1398 1025 1409 1058 ,
1441 980 1551 1075 quod

487 1099 581 1152 tanto
591 1075 1006 1173 lhrdio&diligentiapro
1016 1071 1220 1144 indubitata
1228 1073 1407 1173 religionis
1416 1073 1550 1150 nostra

240 1229 266 1262 ,‚
288 1251 294 1265 ,
331 1175 527 1250 hominibus
552 1203 697 1279 pugnam
722 1177 883 1274 coeperim
901 1197 981 1244 curn
1000 1169 1250 1271 principatibus
1270 1219 1283 1252 ,
1305 1173 1550 1270 potestatibus,

191 1313 199 1322 ·
333 1273 450 1348 mundi
460 1270 1040 1358 dominis,redoribustenebrarum
1051 1270 1147 1368 hujus
1167 1265 1546 1370 seculi,lpiritnalibus

333 1375 461 1448 astutiis
479 1379 514 1448 in
533 1375 724 1448 coelestibus
737 1421 749 1453 ,
764 1395 843 1443 cum
861 1372 1012 1470 principe
1029 1372 1082 1441 cui
1102 1365 1248 1468 potestas
1256 1369 1307 1439 est
1328 1375 1423 1444 a'e'ris
1446 1422 1459 1455 ,
1491 1376 1547 1471 qui

140 1529 143 1534 .
238 1547 286 1584 uz
334 1478 452 1548 mortis
466 1473 567 1547 habet
576 1475 780 1572 imperium,
800 1473 858 1568 qui
876 1464 1004 1542 seducit
1012 1487 1124 1539 totum
1133 1489 1300 1539 terrarum
1313 1470 1453 1553 orbem,
1472 1475 1545 1545 imo

232 1630 237 1642 .
263 1567 296 1644 'rs
332 1598 409 1644 cum
426 1599 506 1672 rege
523 1571 619 1670 super
637 1565 809 1644 universos
835 1567 926 1639 filios
946 1565 1088 1667 lupcrbi.
1117 1565 1184 1641 Sed
1210 1569 1414 1664 opinionem
1432 1593 1544 1640 meam

330 1671 434 1771 longe
446 1670 567 1742 l'elellit
576 1668 722 1742 insolens
734 1663 943 1765 quorundam
955 1661 1259 1746 inl'ulrus,&mala
1269 1663 1313 1738 ab
1323 1664 1544 1742 iisdcmmihi

329 1767 434 1840 relata
471 1771 569 1838 racia.
1223 1795 1228 1802 ·

387 1870 402 1952 §
427 1794 468 1936 ιβ
484 1865 666 1936 Enimvero
675 1881 795 1959 praeter
811 1886 948 1934 omnem
967 1863 1238 1962 arpocrationem
1256 1856 1344 1933 insur
1373 1866 1398 1933 't
1413 1865 1543 1938 adra.

327 1956 379 2034 sus
392 1985 445 2032 me
465 1962 584 2036 Paulus
593 1959 732 2059 quidam
742 1962 898 2059 princeps
907 1961 949 2033 de
958 1961 990 2032 la
1003 1959 1145 2036 Scala&
1157 1889 1404 2064 Hunilarcll'o
1417 1965 1537 2034 Vero-

327 2066 428 2138 nm&
442 2063 611 2134 Dominus
621 2060 851 2160 Creutzburgi
862 2057 992 2132 Pruffiae
1009 2062 1090 2155 ,qui
1100 2056 1535 2132 numerolaltactintlorum

328 2157 555 2256 lupellcdile,
577 2165 614 2231 dc
663 2155 808 2230 cnerolae
827 2155 965 2230 familie
983 2155 1143 2230 satellitio
1161 2155 1357 2239 instructus,
1372 2157 1540 2230 mlhiho-

330 2261 414 2330 mini
435 2283 501 2330 non
525 2249 604 2329 huic
625 2183 806 2334 dmillima,
819 2253 1111 2328 sedtamendomo
1124 2252 1350 2327 honestiffima
1372 2257 1541 2331 natobel-

329 2354 399 2428 lum
419 2355 622 2435 denunciat,
643 2381 714 2426 non
724 2375 815 2425 certe
826 2353 921 2450 justis
933 2355 976 2426 de
986 2355 1099 2428 mulis.
1127 2357 1223 2427 Licet
1233 2375 1344 2427 aurern
1362 2359 1538 2455 priucipa-

329 2475 423 2528 tuum
435 2456 525 2530 illius
539 2453 748 2554 amplitudo,
768 2457 806 2524 δε
825 2452 923 2551 plena
939 2457 1078 2526 terroris
1097 2453 1291 2524 dominatio
1312 2477 1447 2525 menon
1465 2457 1538 2525 im·

330 2559 454 2626 merito
463 2559 497 2628 in
508 2545 624 2654 fugam
636 2555 802 2652 conjicere
812 2549 991 2650 potuillent
1006 2579 1014 2626 ε
1041 2553 1192 2624 animum
1209 2573 1323 2626 tamen
1341 2553 1443 2655 erigit
1458 2577 1540 2651 quae

329 2653 665 2723 mihicumdaemone
680 2650 1002 2724 fuirludaevidloria
1013 2699 1024 2732 ,
1048 2654 1176 2749 quippe
1185 2652 1245 2748 qui
1264 2675 1341 2722 cum
1352 2647 1540 2752 potennffi.

330 2773 388 2818 ruo
407 2753 537 2847 generis
560 2749 698 2819 humaui
718 2747 810 2822 hoste
820 2745 952 2820 fortiter
963 2773 1059 2845 antea
1070 2745 1261 2848 congreffus
1275 2802 1286 2829 ,
1299 2753 1424 2823 vinum
1447 2775 1539 2820 mea-

331 2870 404 2916 rum
415 2847 600 2944 periculum
610 2845 758 2925 feoerim,
769 2868 867 2919 tanto
877 2842 1009 2921 facilius
1019 2871 1106 2920 nunc
1116 2847 1211 2945 hujus
1229 2849 1393 2948 principis
1404 2851 1539 2925 rimat-

330 2967 394 3041 que
411 2945 575 3044 impeturn
595 2942 785 3026 sustinebo,
817 2967 943 3044 quanto
962 2955 1000 3022 &
1022 2943 1164 3020 inferior
1182 2949 1210 3017 is
1230 2947 1305 3028 cst,
1325 2941 1534 3019 mersamstra

328 3041 464 3114 melior.
491 3049 618 3142 Neque
631 3047 721 3118 enim
743 3043 834 3118 velut
845 3045 926 3126 ille,
950 3042 1082 3120 frivolis
1094 3043 1369 3118 altercationibus
1387 3063 1440 3117 aut
1457 3045 1534 3114 irn-

329 3144 461 3239 potenti
484 3141 558 3226 ulla,
566 3143 781 3216 concertandi
799 3141 942 3214 libidine
950 3143 1083 3245 flagro,
1102 3141 1159 3215 sed
1178 3140 1254 3216 solo
1266 3147 1410 3218 rennos
1430 3142 1537 3215 inda-

324 3238 446 3338 ·gandae
457 3239 567 3311 sttrdio
586 3241 683 3312 ardet
702 3243 854 3312 animus:
875 3243 937 3338 qui
954 3240 979 3313 fi
1002 3243 1097 3313 aliter
1119 3239 1202 3314 esser
1219 3239 1360 3316 effestus
1381 3297 1391 3324 ,
1418 3265 1541 3315 tamen

329 3345 367 3410 dc
382 3335 614 3438 ingravescens
635 3361 713 3412 aetas
736 3339 941 3413 colludandi
959 3339 1124 3415 fervorem
1143 3345 1383 3443 extingueret,
1404 3349 1441 3416 δι
1461 3339 1540 3417 lcti-

329 3431 432 3506 bcndi
442 3434 632 3508 libertatem
644 3441 805 3508 acocium
818 3435 1042 3535 profectiones
1053 3441 1153 3514 variae
1171 3438 1539 3542 occupationesqueas·

328 3529 428 3606 fiduae
447 3531 658 3634 surriperent.
684 3540 765 3632 Qo
786 3534 828 3605 fit
847 3559 993 3618 ,utnon
1015 3534 1076 3609 sun
1095 3537 1161 3608 tibi
1179 3539 1283 3612 Paule
1293 3544 1458 3642 princeps
1481 3543 1540 3612 ob·

321 3634 468 3725 jedurus
487 3655 563 3704 tuos
583 3658 713 3705 errores
747 3683 758 3716 ,
788 3657 855 3702 non
881 3635 1141 3708 calumniaturus
1177 3657 1252 3709 tuas
1281 3646 1537 3712 contrarietates

326 3753 393 3799 non
418 3730 521 3804 nudas
546 3731 729 3805 alienarum
756 3731 954 3830 vigiliarum
985 3730 1179 3833 rapsodias,
1201 3760 1270 3807 non
1294 3735 1429 3810 fabulas
1449 3739 1537 3810 Ροὲ·

326 3829 430 3908 tiras,
459 3841 526 3900 non
546 3831 690 3930 denique
701 3827 857 3929 quasdam
880 3833 1133 3904 Platonicorum
1154 3857 1285 3936 nugas,
1312 3863 1391 3937 quae
1415 3840 1446 3907 in
1465 3835 1527 3903 tuis

324 3921 913 4024 scriptispaffimoccutrrmtcledad
921 3931 1119 4008 illatannun
1141 3929 1232 4018 loca,
1248 3931 1528 4044 quorcircalincm
1622 4007 1623 4018 ,

533 4049 534 4052 ’
1436 4049 1532 4101 term
