3276 4444
187 77 190 86 =
304 149 383 248 με
537 195 540 202 .
677 117 1294 210 DnMneonnu'·
1474 117 1532 198 vt

356 306 375 372 ς
404 305 438 376 3.
462 270 623 353 Curhoit
641 264 786 362 uerfioni
802 265 904 339 citius
916 257 1050 338 credam
1066 309 1078 342 ,
1096 279 1165 332 non
1172 253 1299 340 video,
1317 256 1430 330 &non
1454 279 1533 354 po·

311 383 402 462 tius,
419 373 805 453 Malitiamvenenorum
816 382 873 438 aut
883 387 994 436 terum
1004 381 1269 440 venenatarum,
1289 349 1529 427 halituascili-

313 501 367 554 cet
378 477 545 576 malignos
564 467 813 567 expirantium,
834 459 1118 564 quemadmodum
1141 467 1201 531 aer
1214 479 1358 628 quoque
1375 453 1529 566 inpelle

312 572 455 650 infeoius
483 566 685 670 agnoscitur.
744 563 885 659 Alioqui
915 554 1074 661 quorsum
1099 583 1185 658 opus
1229 561 1281 627 uit
1315 577 1537 654 conjungere

313 683 514 764 ‹resumi-s,
534 691 639 766 quum
649 689 708 765 per
716 661 821 736 solam
832 685 949 736 votem
970 671 1106 755 olm
1125 654 1286 758 pontillet
1302 656 1481 753 exprimi,
1504 650 1536 724 fi

314 771 561 840 incantamenta
580 762 701 838 sonet?
729 760 899 841 Veneficia
914 763 1174 856 interpretantur
1186 754 1255 826 alii.
1301 758 1387 830 Vim
1397 750 1541 825 siccan-

315 888 385 941 tem
406 861 709 966 &refrigerantem
731 863 835 958 (quac
848 861 937 932 aitis
948 856 1117 957 putredini
1135 859 1174 928 &
1185 850 1368 926 infenioni
1378 849 1537 946 resistit)

181 987 258 1042 aar.
283 985 288 1060 j
317 963 370 1035 illi
382 961 529 1036 Galenus
539 961 667 1036 tribuit
701 966 781 1035 Nec
790 980 907 1030 contra
920 983 981 1030 nos
991 953 1094 1038 satit,
1116 953 1210 1054 quod
1218 947 1453 1026 exsertolib.
1464 957 1540 1026 Ga·

180 1053 282 1116 ⁸¹W‘l‘·
318 1062 385 1135 leni
405 1061 447 1134 de
468 1061 778 1161 Simpl.'pharmac.
798 1055 914 1128 facult.
937 1055 1112 1130 adducinu
1131 1053 1174 1124 de
1204 1075 1291 1126 voce
1310 1052 1534 1126 Pharmaoo:

319 1160 604 1260 quemadmodum
625 1184 686 1232 net
698 1159 839 1228 omnino
855 1156 964 1253 liquet
981 1179 1023 1228 ex
1035 1153 1156 1228 Galeni
1175 1151 1314 1232 verbis,
1344 1150 1445 1250 quod
1465 1175 1535 1223 non

252 1279 254 1284 '
321 1259 463 1332 candide
481 1261 666 1357 objicitur,
684 1257 744 1329 ubi
754 1255 813 1328 lib.
826 1280 858 1326 2.
881 1265 1072 1335 uzalim,
1090 1251 1133 1322 de
1144 1251 1354 1352 Archigenis
1373 1251 1535 1324 amuletis

322 1359 473 1457 loquitur
486 1359 548 1440 ,ad
562 1359 682 1455 capitis
692 1355 846 1428 dolorem
856 1377 895 1426 ea
903 1351 937 1426 se
947 1357 1140 1427 relidumm
1151 1351 1210 1434 ,itt
1219 1350 1351 1423 nullam
1362 1351 1535 1426 medicam

298 1473 302 1481 '
322 1461 488 1531 rationem
499 1457 670 1537 habentia,
683 1456 752 1527 ait:
780 1456 906 1530 Verum
916 1478 989 1552 quae
1000 1451 1043 1524 ab
1055 1448 1128 1550 ipso
1134 1451 1233 1548 juxta
1242 1448 1417 1545 medicam
1427 1457 1537 1525 ratio-

322 1582 399 1628 nem
418 1553 491 1629 sunt
513 1554 655 1634 tradita,
674 1552 793 1626 seled'ra
813 1573 943 1625 tantum
962 1553 1146 1626 relaturum
1159 1553 1260 1648 juxta
1276 1547 1385 1647 ipsrus
1404 1549 1535 1622 difflo-

324 1681 423 1736 nem‚
447 1651 622 1752 quomodo
640 1653 795 1723 hactenus
813 1650 856 1722 de
876 1651 1064 1749 pharmacis
1076 1647 1187 1722 facere
1207 1645 1400 1724 consuerit.
1446 1652 1533 1732 Hanc

325 1753 444 1824 Galeni
457 1749 583 1830 verba,
615 1749 674 1822 ubi
694 1746 827 1848 prorsus
845 1747 989 1852 sejungit
1011 1747 1304 1832 Pharmaca‚'hoc
1324 1747 1372 1820 est
1380 1747 1533 1818 medica·

325 1873 438 1921 menta
446 1848 610 1922 naturalia
623 1895 634 1929 ,
645 1847 688 1918 ab
698 1849 774 1923 aliis
786 1847 951 1921 medicam
959 1852 1122 1923 rationem
1134 1873 1203 1919 non
1213 1847 1522 1938 habendumque

326 1945 487 2020 afialeno
495 1946 679 2022 Pharmaca
688 1946 757 2018 illis
768 1947 852 2020 locis
872 1950 1032 2046 appellari
1045 1973 1112 2020 non
1132 1949 1324 2047 comperio:
1342 1939 1514 2014 sedmedi-

324 2047 416 2117 cinas
428 2046 592 2122 naturales
605 2059 710 2146 prope
722 2041 851 2146 semper
870 2055 909 2121 &a
926 2045 996 2129 fere
1006 2049 1091 2120 citra
1102 2071 1282 2120 numerum
1293 2049 1327 2117 in
1341 2037 1512 2116 illislibris

324 2139 778 2243 ipsePharmacanuncnpat.
1492 2182 1499 2200 ·

374 2243 391 2330 §
416 2265 454 2336 4.
477 2250 558 2318 Nec
574 2239 729 2342 proferto
745 2241 823 2318 satis
841 2240 1025 2341 intellig'o,
1046 2240 1206 2342 quorsum
1225 2244 1349 2318 Galeni
1366 2241 1531 2315 sententia

326 2365 369 2412 ex
382 2343 483 2413 initio
502 2341 583 2415 libri
596 2364 651 2412 10.
670 2341 871 2444 de'Simplic.
882 2340 1037 2414 adversus
1048 2367 1103 2415 me
1112 2367 1313 2446 torqueatur
1324 2393 1334 2426 ,
1356 2337 1526 2412 ubiseba-

327 2436 514 2512 filiscorum
535 2463 591 2512 aut
603 2440 856 2539 elephantorum
868 2445 1082 2538 &equorum
1094 2444 1306 2526 Nileorum,
1328 2464 1427 2540 neque
1436 2437 1523 2510 alte-

249 2578 251 2584 .
327 2542 397 2612 rius
410 2538 621 2638 cujusquam,
641 2541 732 2636 cujus
751 2537 822 2639 ipse
833 2539 1017 2640 periculum
1027 2565 1095 2614 non
1113 2542 1233 2615 feeerit
1244 2592 1257 2626 ,
1277 2546 1485 2615 mentionem
1493 2533 1529 2610 se

323 2633 438 2710 fatere
447 2639 538 2710 nolle
548 2637 679 2710 asserit:
699 2663 761 2710 nec
777 2643 880 2712 etiam
892 2638 977 2715 velle
987 2641 1175 2715 meminisse
1185 2643 1390 2742 poculorum
1403 2659 1535 2712 amato-

327 2739 479 2818 rlorum,
505 2748 916 2830 ayuyipwudmompmip&
931 2761 1090 2834 μιηίμμ,
1112 2743 1244 2815 etlamll
1253 2741 1392 2815 abunde
1407 2741 1531 2813 illaet-

328 2857 442 2934 pertus
452 2832 557 2915 esset,
576 2833 671 2906 sicuti
684 2837 926 2918 neclethdiutn
947 2839 1296 2924 medicamentorum,
1315 2863 1397 2922 aut,
1415 2860 1450 2911 ut
1462 2831 1524 2934 ipll

328 2956 473 3016 vocant,
495 2946 668 3031 mcaoenu'p.
700 2939 796 3010 Nam
814 2937 873 3010 illa
882 2933 958 3009 sane
966 2937 1109 3013 ridicula
1128 2939 1219 3022 sunt,
1244 2941 1468 3038 constringere
1484 2955 1526 3003 τε

329 3031 457 3104 vincire
471 3030 574 3112 alios,
596 3053 634 3102 ut
643 3033 814 3131 injudicio
825 3034 910 3107 nihil
918 3036 1034 3136 eloqui
1045 3037 1183 3138 possint,
1204 3031 1527 3143 autgravida'abot·

327 3127 551 3208 tumafferre,
573 3151 630 3201 aut
639 3153 678 3202 ut
694 3158 736 3206 ne
745 3159 890 3234 unquam
902 3140 1072 3238 concipiat
1089 3135 1242 3222 efficere,
1264 3145 1304 3212 δε
1326 3155 1534 3240 quaecunque

326 3227 397 3324 ejus
410 3223 488 3300 sunt
520 3231 641 3300 eneris.
676 3235 760 3310 Sane
770 3233 889 3308 horum
901 3235 1083 3334 pleraque,
1103 3236 1157 3315 vel
1168 3259 1352 3338 antequam
1361 3237 1473 3311 facias
1482 3257 1540 3336 pe·

329 3251 662 3440 ticulumllirelicet
671 3327 1140 3434 eiseimpoffibiliatquedam
1153 3335 1434 3436 veroposlibilia,
1446 3359 1546 3430 oete·

329 3422 800 3500 rumvttaehomtnumnoxia.
841 3437 891 3504 lta
917 3459 959 3505 ue
975 3457 1042 3536 ego
1053 3433 1203 3535 perdens
1213 3437 1547 3536 admiror,quaco·

329 3524 634 3694 {pitatiogeqquove
645 3523 786 3599 consilio
796 3529 837 3600 ad
848 3457 1069 3606 eastribenda
1079 3532 1214 3632 quidam
1225 3533 1441 3609 accesserint.
1474 3541 1545 3610 Ha-

364 3645 444 3694 enus
492 3647 615 3696 aenos.

381 3723 398 3807 §
421 3743 438 3816 5
445 3771 454 3802 ρ
467 3723 537 3791 Hic
548 3747 613 3795 vox
623 3735 775 3832 §dartana
788 3726 830 3800 ab
840 3729 1273 3832 interpretibus&medicis
1286 3729 1416 3806 affeetu
1426 3737 1541 3805 minus

332 3841 401 3915 prae
418 3823 591 3917 occupatis
612 3847 679 3894 nou
696 3829 787 3898 letus
806 3827 1008 3931 intelligitur
1026 3881 1038 3914 ,
1064 3857 1165 3931 quam
1184 3859 1246 3932 pro
1267 3831 1537 3906 medicamento.

332 3915 439 4020 Qud
447 3919 530 3988 item
540 3920 875 4020 Hippocrateslibro
885 3926 927 4000 de
936 3925 1067 4004 Morbo
1086 3927 1179 4006 sacro
1186 3935 1223 4005 in
1242 3933 1411 4006 auxilium
1422 3955 1541 4006 accer-

838 4067 839 4070 ’
1230 4065 1232 4069 ’
1431 4030 1539 4107 satus,
