3210 4430
311 161 410 268 936‘
584 135 1305 271 Jou'srirrswlusr

316 313 442 387 tur:vel
453 312 511 384 ubi
521 314 609 383 ineo
636 305 719 382 relsu
731 329 859 380 meatus
872 309 947 382 viro
957 301 1518 406 suetitpraeclususUtriusqtrrsus

317 337 1291 504 soeminasbmefidelitercuratasetiarnnumluperllite's
1302 406 1511 480 essenb'tttor.
1579 437 1580 440 ¹

364 521 382 582 §
406 527 445 603 4.
469 513 507 579 ln
519 510 633 606 operis
646 507 742 604 hujus
751 504 1043 580 administratione
1055 507 1284 582 novaculam
1295 501 1526 603 imprimeris·

317 604 473 702 tabisqm
484 608 629 714 figuram
639 605 684 676 ad
693 605 852 676 naturalis
873 604 984 676 hiatus
1004 601 1274 676 dimensionem
1297 601 1534 677 damascia:

320 705 411 778 collo
421 704 588 784 deorsum,
594 704 683 801 julio
694 706 850 798 utrinque
860 703 1042 774 interstitio
1053 703 1218 786 relisit),
1268 703 1442 774 uodlevius
1451 696 1546 770 seru-¹

318 798 451 898 riusque
470 807 506 873 in
525 807 698 901 operiente
717 801 931 883 membrana,
950 809 988 876 δι
1005 798 1239 898 potiffimum
1280 804 1392 872 umoris
1407 792 1538 870 asilum

319 897 411 972 tensa
421 897 588 972 effeceris.
601 905 639 971 ln
650 900 781 972 adnatae
792 923 872 970 uero
882 902 992 971 carnis
1005 896 1189 970 incisione
1205 949 1218 980 ‚
1231 897 1535 999 reperendaaliquo-

319 1001 384 1070 ties
395 995 527 1080 statio,
548 997 595 1070 ob
605 995 777 1098 sanguinis
784 993 1036 1096 profitstonem:
1093 1023 1181 1068 uem
1193 997 1347 1071 immissa
1355 987 1526 1096 spongiola,

323 1099 462 1196 priusin
483 1123 602 1196 aquam
615 1097 763 1196 tepidam
773 1099 1032 1193 iutinskaoexpr
1085 1121 1184 1194 aque
1198 1148 1213 1178 ,
1227 1099 1334 1170 elues.
1360 1092 1532 1172 Curandum

326 1219 439 1270 autern
450 1193 661 1295 summopere
673 1245 683 1274 ,
694 1217 732 1265 ut
742 1220 809 1266 uon
822 1191 962 1289 oblique
975 1194 1146 1267 collimes
1160 1244 1174 1276 ,
1198 1193 1260 1269 sed
1271 1194 1536 1270 testitudineruiu

326 1293 517 1373 dividendis
529 1295 624 1392 hujus
634 1296 745 1364 carnei
761 1291 884 1364 isthmi
901 1289 1066 1392 angustiis
1084 1288 1211 1368 serves
1225 1348 1235 1376 ‚
1251 1297 1401 1368 maxime
1417 1291 1536 1362 lialt'uts

318 1379 504 1464 'secandum
515 1391 569 1464 fit.
583 1391 637 1467 Ab
647 1417 686 1463 ea
696 1395 807 1462 minus
819 1389 1004 1474 aberrabis,
1019 1389 1045 1462 st
1058 1392 1202 1466 tridens
1215 1394 1303 1466 illud
1324 1390 1483 1494 speculum
1493 1391 1539 1459 iu-

329 1517 470 1566 curvum
491 1491 589 1564 altius
602 1485 792 1564 immiseris:
806 1487 1012 1588 quodetiam
1024 1492 1257 1564 commodius
1285 1488 1539 1565 inleretdeeam-

313 1679 318 1684 .
331 1589 414 1664 bens
425 1593 525 1692 virgo
535 1591 589 1664 rel
600 1612 751 1662 matrona
762 1635 772 1667 ‚
783 1581 927 1660 versatili
940 1612 999 1687 per
1010 1583 1123 1687 spiras
1135 1591 1278 1686 articulo
1287 1585 1389 1691 supra
1400 1609 1534 1664 vestrm

330 1683 455 1760 surium
474 1692 612 1758 innixo:
634 1712 736 1784 quarn
754 1686 865 1757 eidem
885 1687 1219 1784 quoque‚fivolet,
1236 1689 1438 1763 vertetead'

205 1875 209 1884 ⁸
328 1783 564 1880 expansionem
582 1783 721 1854 licebit:
736 1781 781 1853 sic
790 1782 910 1876 vesrcae
928 1789 1101 1858 cervicem
1122 1793 1294 1886 reprimet
1311 1787 1394 1858 deris
1423 1781 1537 1881 peculi

329 1878 496 1975 superior,
515 1884 588 1950 urb
609 1875 757 1950 sessione
774 1883 882 1951 tutior
902 1905 1104 1964 eumenem,
1121 1884 1204 1954 dum
1223 1885 1346 1956 dentes
1357 1881 1478 1976 reliqui
1486 1881 1540 1950 la·

330 1993 402 2046 tera
417 1973 625 2054 distendent,
640 1979 728 2049 inter
747 1976 909 2052 distortos
928 1983 993 2054 hos
1016 2005 1140 2080 tuopus
1153 1973 1375 2079 prosequeris.
1386 1981 1421 2052 Si
1441 2000 1537 2048 vero

329 2069 668 2171 suspeblatibilnetit
688 2079 795 2149 earnis
808 2083 929 2148 innatae
951 2079 1183 2179 profunditas,
1202 2077 1384 2178 pervulnus
1394 2071 1532 2171 aliqua-

333 2167 586 2254 tenusseblum,
607 2175 773 2247 violenter
785 2176 951 2248 intrudito
962 2183 1057 2252 resia
1068 2177 1243 2280 specillum
1250 2201 1361 2258 tenue,
1372 2173 1539 2273 quodnu-

333 2270 449 2348 dulum
460 2274 496 2344 in
516 2275 727 2346 extremitate
739 2274 1058 2351 rotundumbabet:
1081 2303 1195 2374 eoque
1206 2297 1310 2349 totam
1321 2298 1450 2347 emon
1461 2296 1538 2372 per·

334 2395 479 2469 rumpe,
496 2369 604 2450 donec
622 2376 867 2471 penetraveris,
887 2370 1027 2472 fipoffis
1042 2404 1052 2449 ε
1066 2403 1144 2448 nam
1155 2377 1204 2448 ob
1223 2373 1343 2475 spetilli
1354 2373 1534 2444 rotundam

332 2473 608 2572 extremitatem,
624 2471 686 2542 ubi
700 2472 741 2543 ad
753 2471 856 2544 finum
870 2466 1087 2570 perveneris.
1110 2476 1167 2548 vel
1176 2479 1211 2546 in
1223 2475 1360 2546 matricis
1378 2467 1528 2539 osculum

328 2564 1537 2770 Εὲῗὲηἶῖἶιέἒῗξῖἳῃρὲᾞὲῗῗὲ’ῑέῗῷῗεὶἓῖᾎὲἐοῖζῗζᾞὲῗὲἶ

334 2783 402 2832 tem
413 2760 476 2840 boc
487 2761 590 2835 modo
600 2757 700 2838 semel
712 2763 890 2862 pertusam,
901 2763 1029 2866 specilli
1039 2769 1339 2844 irnmiffisubsrdio
1359 2761 1532 2838 deiudesa·

330 2855 550 2933 eiliussecare
567 2867 704 2976 poteris.
715 2869 788 2964 Ego
798 2887 909 2938 tamen
918 2867 1097 2969 angustum
1109 2868 1264 2956 foramen
1277 2867 1417 2968 specillo
1424 2858 1535 2936 obtuso
1600 2931 1601 2958 ζ

201 3021 208 3058 ·.
249 3053 251 3060 y
292 2991 296 2998 ¹
330 2954 462 3030 saelum
486 3007 497 3040 ,
517 2959 593 3031 aliis
614 2958 776 3034 sutilibus
802 2966 1028 3038 instrumentis
1061 2966 1278 3052 crassioribus
1309 2963 1529 3067 prose-'qums’

329 3077 472 3133 eatenus
484 3059 741 3156 perrupi‚donec
750 3059 916 3160 forcipem
927 3060 1118 3146 antrorsurn
1129 3067 1323 3167 oblongam
1335 3061 1527 3154 validamque

362 3182 397 3228 et
409 3157 548 3235 eandem
560 3155 644 3228 hane
664 3159 810 3234 fissuram
820 3159 1040 3236 transmittere
1060 3165 1238 3242 valerem:
1259 3163 1338 3236 inde
1346 3154 1526 3232 manubrio·

329 3183 408 3324 lum
432 3257 559 3352 utrinqs
570 3256 750 3332 rotundum
760 3260 913 3352 matribus
925 3260 1079 3336 violentis
1093 3261 1195 3336 fimul
1207 3249 1530 3336 surltmracdeorsum

332 3378 408 3424 iuno
418 3358 524 3425 naria
536 3351 756 3443 distrahebam
770 3407 780 3438 ,
792 3359 1150 3456 doneedilaceraretur
1160 3365 1278 3434 innata
1288 3349 1505 3432 tarouuivets
1522 3403 1531 3424 ·

391 3457 406 3540 §
435 3479 463 3547 ς.
488 3449 608 3522 Incisro
618 3457 742 3527 etenim
757 3463 793 3527 &
806 3455 963 3530 laceratio
972 3455 1157 3530 artificiosa
1170 3460 1230 3531 bie
1241 3459 1337 3531 suum
1347 3453 1472 3527 babent
1488 3453 1532 3524 lo-

338 3579 432 3624 eum.
482 3547 683 3628 Proinde&
703 3552 805 3653 digiti
824 3555 946 3628 indicis
963 3558 1217 3629 extremitatem
1239 3561 1274 3630 in
1295 3555 1530 3628 dimotionem
1583 3631 1590 3644 ,

339 3648 540 3755 quandoque
558 3649 772 3731 adhibemus,
791 3653 1011 3728 maximbubi
1022 3651 1159 3726 obloei
1170 3653 1346 3755 aperiendi
1357 3653 1532 3751 angustiam

343 3746 395 3818 vel
416 3747 1119 3842 pt·0lunditaterrt,erroromintersecandum
1134 3753 1528 3831 veremurseffimitw
1596 3801 1598 3810 v

343 3843 482 3941 oblique
503 3843 555 3918 vel
577 3844 784 3928 transverse,
808 3852 861 3924 vel
873 3852 1032 3928 ademtis
1043 3846 1192 3922 formam
1206 3850 1524 3925 duabuslineisiur
1597 3907 1598 3920 t

331 3939 408 4014 lese
419 3937 606 4016 trutrsversts
619 3945 839 4021 administrati
851 3953 996 4048 poterit..
1273 4012 1277 4020 .

334 4101 339 4108 .
390 4045 404 4124 l
431 4049 465 4114 6.
478 4039 930 4127 Mernbranas&connaram
939 4045 1192 4145 caruemliquis
1207 4047 1353 4126 volsella
1362 4039 1527 4211 apprehdffl·

959 4183 963 4191 -
1479 4159 1530 4209 ere
