3210 4430
134 181 782 253 Oasanvnrrouwt.
832 180 968 255 Lta.
1005 189 1055 258 11.
1132 191 1206 290 969

68 318 86 405 3
117 327 173 376 re.
201 301 297 399 Saepe
315 299 432 398 saepiua
441 300 634 400 contingit,
655 303 889 376 cumsrnorbus
904 307 963 378 iric
979 306 1026 380 est
1041 310 1207 385 invetera-

18 431 94 490 tus,
119 425 179 476 aut
197 401 347 500 alloquin
364 402 401 472 in
410 400 504 498 pejus
522 400 638 498 vergit
656 425 725 474 non
736 403 826 477 reue
844 403 864 477 a
881 406 1086 480 medicastris
1105 436 1201 485 cura·
1379 473 1386 480 .

17 529 92 589 tua,
119 525 158 574 ut
167 523 343 600 gummata
359 497 414 572 seu
431 500 514 572 nodi
532 492 721 572 duriusculi
737 506 933 579 enascantur
950 509 987 578 in
997 508 1111 593 tibiis,
1132 510 1205 582 bra·
1351 507 1352 512 ’

17 607 126 688 abiis,
151 599 325 698 decapite,
351 624 428 699 quae
444 597 564 674 sanein
582 595 679 672 causa
695 597 794 687 sunt,
822 625 859 675 ut
879 607 970 705 quod
983 607 1116 681 curatio
1129 635 1204 682 ma.

17 705 84 784 rori
99 726 177 773 cum
195 696 400 773 dillicultate
423 700 465 772 ad
483 719 638 797 optatum
654 696 756 774 finem
773 704 912 799 perduci
927 731 1027 806 queat
1045 758 1056 791 ,
1084 711 1203 804 praeci-

17 807 81 906 pue
97 799 122 874 fi
137 796 349 873 offa·fuerint
366 798 481 884 exalat,
503 821 684 896 corrupta,
701 798 889 889 tabefacta,
908 803 1201 882 autfidebilitatio

17 929 88 980 amc
96 923 268 974 extremos
283 923 376 973 artus
389 896 519 997 affligat
527 898 702 971 nodlumir
719 897 826 998 iisque
836 903 1058 977 intolerandis
1074 903 1198 980 dolori·
1213 935 1304 983 zm·
1368 960 1373 970 ·

17 1031 97 1079 aus:
123 1003 207 1074 Hoc
223 999 261 1068 in
278 995 897 1096 casuZarzaparillaepraesentaneum
915 1003 1199 1099 est&pretiolum
1211 995 1307 1058 Μ’·

17 1101 220 1184 remedium,
230 1123 332 1198 quam
341 1093 512 1197 polluntur
520 1094 645 1197 absque
661 1095 913 1182 ulliua'alterius
923 1103 1133 1178 admixtione
1143 1109 1199 1179 de-

17 1226 184 1302 :oquere,
204 1205 238 1271 dt
255 1198 291 1269 in
303 1198 397 1272 usum
407 1218 629 1283 convertere,
642 1195 743 1293 juxta
753 1195 852 1297 supra
862 1201 1063 1303 descriptam
1074 1199 1203 1278 formu·

16 1322 105 1389 am,
122 1321 183 1372 aut
199 1297 286 1372 hanc
302 1301 507 1398 sequentem.
989 1323 1009 1334 -

122 1447 168 1526 nl.
185 1431 449 1538 Sarae-parilia
457 1437 610 1508 minutim
620 1431 930 1532 imisae&contufae
945 1435 977 1538 ξ.
994 1461 1051 1510 ιν.
1193 1444 1196 1454 “

197 1541 502 1634 (Μιαηπΐκνριν
518 1536 635 1608 nollem
651 1543 686 1608 in
702 1550 755 1617 w.
765 1536 825 1630 xij.
843 1545 980 1638 aquaein
996 1536 1059 1610 Ioco
1077 1536 1203 1622 calido,

190 1640 269 1734 five
285 1641 320 1709 in
337 1635 518 1735 hypocausta
538 1686 551 1720 ,
562 1639 639 1732 five
648 1635 749 1734 firpra
764 1641 880 1709 cineres
907 1635 1049 1725 calidos,
1078 1637 1123 1721 ὠ
1148 1637 1201 1710 dr·

200 1760 296 1838 coque
320 1734 368 1805 ad
390 1731 656 1832 consumptionem
681 1755 809 1833 quarta
821 1741 937 1835 partis.

16 1848 122 1944 ¹1⁴uttc
139 1863 225 1939 adde
239 1860 274 1966 ᾗ.
295 1861 319 1932 ’.
335 1856 686 1958 Hermodadlylorum
707 1855 877 1934 subtiliter
893 1860 1202 1962 pulverilatorum,

16 1975 43 2042 !t
60 1965 215 2040 invicem
233 1963 319 2034 bene
337 1957 475 2033 misceto
493 1967 527 2032 &
544 1956 645 2032 linito
662 1954 907 2057 refrigescere,
935 1957 1112 2062 posteaque
1128 1989 1203 2061 per·

15 2067 146 2142 :olatoz
172 2069 227 2142 Ex
242 2062 308 2136 hoc
331 2059 427 2131 bibet
452 2060 552 2129 mane
577 2063 612 2128 δε
628 2055 703 2154 post
720 2058 898 2128 meridiem
914 2069 951 2158 ᾖ.
969 2087 1031 2132 rr.
1060 2068 1095 2130 ὃ(
1113 2062 1202 2134 inter

15 2167 249 2242 mandendum
265 2179 380 2230 utetur
396 2153 540 2251 limplrci
557 2149 813 2250 Sarzaeparissae
830 2153 973 2227 decodm
990 2205 1001 2241 ‚
1038 2157 1202 2228 nimirum

15 2253 94 2342 ium
108 2261 176 2366 {.j.
195 2251 447 2354 Salax-patilla
465 2251 668 2354 decoquitur
686 2251 722 2322 in
739 2251 868 2350 arip,
880 2278 995 2352 aquae,
1015 2255 1125 2328 donec
1141 2257 1199 2328 ab.

15 2360 124 2440 sumta
140 2359 244 2434 fuerit
261 2355 364 2431 tertia
379 2379 457 2452 pars
474 2378 486 2443 3
513 2359 547 2426 &
564 2372 636 2426 tota
652 2350 727 2426 haec
743 2351 837 2426 Cura
854 2354 969 2452 peragi
985 2355 1115 2452 poterit
1130 2353 1202 2454 spa-

15 2465 60 2540 tio
77 2463 187 2540 trium
203 2457 467 2557 septimanarum
484 2505 496 2541 ,
531 2477 640 2554 neque
654 2449 713 2525 est
729 2447 857 2525 necesse
883 2451 1071 2550 patientem
1088 2457 1119 2525 le
1144 2455 1203 2527 ad·

15 2561 179 2666 stringere
204 2557 330 2632 strietae
354 2554 435 2628 huic
460 2551 598 2639 diaetae,
628 2551 692 2626 'sed
708 2552 851 2653 gallinas
867 2575 935 2624 uut
960 2547 1143 2626 vitulinam
1168 2581 1202 2626 e-

15 2663 119 2740 lixam
144 2658 322 2734 comedere
338 2655 476 2728 interea
498 2641 609 2751 potest
630 2679 637 2724 :
656 2671 806 2726 attamen
822 2652 960 2752 corpori
976 2679 1037 2756 per
1053 2645 1324 2744 debiramfvw·
1434 2733 1439 2745 x

15 2757 297 2864 expurgationem
323 2753 418 2854 prius
445 2750 492 2826 est
516 2747 805 2852 prospiciendum.
903 2835 908 2844 ,
1007 2753 1023 2767 ”
1213 2717 1312 2844 Ξῗᾶῗ

61 2890 83 2988 §
116 2905 175 2981 13.
205 2880 306 2978 Quod
325 2877 428 2952 fitam
444 2875 525 2952 altas
535 2875 663 2950 radices
684 2875 820 2949 morbus
839 2877 970 2977 egerit,
990 2897 1028 2948 ut
1037 2901 1098 2975 per
1106 2881 1203 2978 supe-

15 2987 81 3062 rius
108 2979 277 3082 descripta
304 2980 550 3053 medicamenta
566 2975 684 3049 cedere
703 2975 820 3062 nolit,
852 2999 1099 3074 nonnunquam
1115 2981 1204 3050 acci·

15 3087 84 3173 dit,
105 3109 145 3159 ut
162 3081 223 3156 sub
241 3081 343 3156 finem
361 3077 498 3152 decodii
510 3073 998 3174 Zarlaeparillaelntrndliones
1015 3099 1150 3174 quoque
1166 3079 1203 3148 in

15 3185 110 3260 usum
127 3185 248 3258 venire
261 3181 434 3268 debeant,
460 3176 583 3276 quibus
607 3175 709 3248 etiam
726 3175 847 3270 majori
868 3199 945 3246 cum
964 3175 1202 3261 certitudinae,

15 3286 206 3385 minorique
223 3279 376 3382 periculo
395 3328 407 3364 ,
441 3276 546 3378 quim
564 3273 587 3346 fi
606 3274 749 3350 decodla
766 3299 834 3346 non
853 3271 1115 3372 prarcelliffent,
1151 3278 1203 3349 uti

15 3409 105 3456 nunc
125 3381 331 3484 .poffumus.;
356 3381 472 3478 itaque
498 3371 680 3448 formulam
707 3374 892 3477 Unguepti
917 3373 974 3448 hic
999 3371 1202 3474 subjungere

15 3482 334 3707 VQIQmttJAEdipr's
344 3600 527 3702 fitillaenon
534 3597 647 3695 firltrae
666 3598 901 3700 &repurgata
912 3587 954 3677 ὅ.
966 3617 1028 3670 vt.

46 3791 48 3796 ,
177 3713 347 3807 Axungr'ae
355 3709 464 3776 anatis
479 3699 577 3806 giij.

179 3810 348 3906 Axungiae
357 3801 491 3902 gallina
507 3797 542 3899 ᾖ.
553 3800 591 3898 ij.

182 3903 238 3976 01.
250 3909 403 3986 Larini,
415 3897 587 3985 Liliorem,
597 3923 661 3972 arta
678 3895 712 3997 ξ.
722 3900 750 3994 j.

175 3997 773 4106 Ol.lunipert'ni,Aq.vieae‚fingulor
790 4015 824 4088 3.
845 4017 906 4070 tv.

456 4139 460 4151 ·
540 4099 786 4196 Garum2
1108 4097 1202 4167 Mer·
1274 4172 1289 4206 „
