3254 4438
15 181 62 262 v!
292 173 649 252 lacman
698 181 931 254 PotrtIs.
1151 206 1219 279 539

15 337 173 414 querere.
185 311 334 386 Hocetli
345 309 425 386 satis
436 313 600 416 superque
610 315 652 388 fit
673 315 881 390 confutatum
891 314 989 424 supra
1003 339 1062 397 ,ut
1072 341 1139 388 non
1149 342 1219 391 tam

16 437 135 488 vanam
144 414 279 488 iduum
293 410 552 498 tonfeffionem,
565 441 665 514 quarn
676 417 807 494 stultam
818 416 1080 491 adverlarinrum
1102 418 1220 490 credu-

15 511 140 586 litatem
166 515 270 586 mirer
297 539 307 584 ε
328 512 442 586 denuo
460 538 574 585 tamen
592 514 698 588 tribus
718 516 777 588 hic
796 513 981 615 respondeo
1000 514 1112 588 verbis
1124 517 1219 596 ,dia-

15 608 128 685 bolum
148 612 303 710 lpiritum
316 661 328 694 ,
341 637 543 684 neccarnem
558 663 569 696 ,
586 639 648 685 nec
668 612 738 686 ossa
758 613 901 696 habere,
920 638 995 710 quae
1003 613 1046 685 ad
1056 613 1216 712 hocopus
1237 647 1294 696 rac,
1305 655 1346 705 24.

15 711 251 812 perficiendum
267 710 512 784 'defideranturt
522 737 651 821 organa
670 710 810 794 desunt,
830 715 988 784 nimirum
1004 715 1104 811 :penis
1125 713 1217 785 telli-
1236 770 1256 813 1.
1301 765 1350 813 gh

15 809 163 909 tulique:
184 816 222 882 &
240 814 410 893 materia,
428 805 541 884 semen
563 811 714 894 scilicet,
732 807 944 913 exsanguine
967 811 1140 884 &idoneo
1150 808 1215 910 spi·
1234 783 1342 902 afflu-

15 909 251 1010 ritugeuitum.
276 913 368 984 Scite
381 909 449 980 hoc
460 907 571 1008 ipsum
581 917 626 984 D.
648 909 851 1010 Augustinus
863 907 1214 1008 comprobandatrno·
1230 891 1334 1002 «Ἢ

15 1031 85 1078 nem
104 1007 190 1078 nihil
210 1007 324 1110 posse,
343 1009 437 1108 quod
458 1033 519 1108 per
538 1007 751 1080 instrumenta
781 1007 946 1080 naturalia
965 1007 1051 1078 effici
1061 1031 1214 1106 nequeat.

15 1107 111 1177 Hunc
129 1109 241 1177 auum
251 1104 473 1180 ludibriosum
490 1104 556 1178 elle
575 1105 820 1186 demonstravi,
843 1109 1025 1204 quitatnen
1045 1103 1214 1204 aquibus-

15 1199 89 1274 dam
111 1204 249 1276 vere&
270 1207 401 1278 realiter
420 1209 573 1307 peractus
584 1205 649 1278 esse
667 1205 881 1278 contenditur
898 1255 908 1284 ,
927 1203 1214 1302 quemadmodum

15 1309 48 1376 k
78 1302 212 1373 choree
231 1349 242 1382 ,
266 1301 517 1377 comessationes
536 1329 612 1376 cum
631 1303 841 1375 daemonibus
851 1351 864 1384 ,
889 1312 926 1376 &
939 1297 1052 1374 nescio
1071 1329 1146 1401 quae
1162 1327 1216 1374 re-

15 1421 91 1476 rum
111 1397 293 1499 ludibria,
319 1405 453 1500 copiose
483 1403 598 1474 multis
618 1401 829 1474 documentis
848 1404 951 1474 terrio
978 1399 1069 1472 libro
1096 1399 1216 1473 confu-
1265 1418 1267 1427 '

15 1519 108 1574 utta:
137 1521 342 1601 quapropter
362 1508 399 1574 &
418 1525 457 1572 ea
474 1523 644 1600 repetere,
663 1525 738 1598 quae
749 1503 902 1572 interum
924 1515 1117 1572 naturanon
1128 1497 1214 1580 sunt,

15 1595 278 1696 longioremque
302 1596 532 1698 disputationis
561 1599 664 1670 telam
692 1621 899 1680 contexere,
928 1595 1081 1695 prosedio
1103 1601 1211 1699 piget.

15 1695 258 1770 Nihilominus
278 1697 370 1768 illius
387 1698 474 1795 quod
491 1699 735 1798 imaginatione
755 1697 807 1770 vel
827 1699 863 1770 in
880 1693 1000 1770 somno
1030 1699 1213 1797 contingit,

15 1816 50 1866 ut
70 1787 180 1866 scelus
198 1819 440 1900 exaggeretur,
459 1805 496 1871 δι
519 1793 677 1896 supplicii
695 1794 873 1870 crudelitas
893 1813 1123 1898 aggravetur,
1143 1795 1214 1866 col-

15 1895 96 1964 ario
115 1893 158 1966 fit
176 1919 253 1966 cum
276 1899 407 1968 enormi
424 1895 561 1996 flagitio
581 1893 660 1969 vere
678 1915 890 1995 perpetrato:
913 1899 1095 1974 nimirum,
1116 1891 1213 1990 quod
1263 1935 1269 1948 ·

15 1989 81 2064 sris
102 1995 163 2091 qui
190 2019 266 2068 cum
288 1997 445 2094 jumento
475 1993 695 2066 concubuerit
722 2043 734 2076 ,
758 2015 868 2066 morte
895 1991 937 2064 sit
957 1989 1150 2092 plectendus
1168 2015 1212 2062 ex

15 2088 119 2164 Molis
141 2091 298 2176 decrero,
316 2116 445 2193 quanto
462 2091 629 2165 acerbiori
646 2115 748 2189 poena
765 2094 832 2164 erit
848 2090 1036 2169 tollendus,
1059 2092 1117 2188 qui
1125 2115 1211 2189 opus
1229 2098 1345 2193 &fl-²²·
1391 2175 1394 2180 ¹
1488 2117 1497 2132 1

15 2187 93 2262 llud
115 2191 246 2264 carnale
263 2217 342 2264 curn
355 2191 503 2264 'diabolo
522 2193 732 2264 exercuerit?
753 2194 772 2261 a
790 2191 914 2261 minori
934 2183 1063 2260 scilieet
1082 2187 1124 2259 ad
1143 2214 1214 2258 rna-

15 2311 57 2360 ης
85 2287 255 2464 grududo
279 2301 495 2394 argumento.'
520 2295 597 2390 Ego
624 2289 735 2362 autem
763 2285 847 2360 illud
865 2289 1058 2371 inverterim
1081 2285 1213 2382 justius,

15 2385 85 2461 ride
104 2389 208 2462 ‘ceta
228 2392 370 2464 crimine
387 2391 622 2488 imaginario,
652 2385 705 2459 vel
747 2409 782 2456 er
809 2381 971 2457 somnum*
989 2408 1034 2454 ex
1051 2381 1212 2472 demonis

15 2489 160 2562 orificio
187 2483 330 2562 subdole
360 2483 521 2588 impresso
542 2537 553 2569 ,
572 2483 613 2557 ad
632 2481 713 2558 soed'
791 2508 844 2554 am
863 2480 1057 2582 spurcitiem
1075 2481 1214 2552 indubi-

15 2585 72 2656 ate
103 2589 309 2684 perediam,
336 2581 520 2686 tequiffimo
541 2583 674 2684 judicio
700 2577 857 2656 severiter
884 2579 1100 2682 puniendam.
1132 2581 1213 2653 Nec

15 2687 119 2756 ninus
141 2681 319 2758 absurdam
336 2685 384 2756 est
406 2734 417 2767 ,
446 2679 539 2786 quod
559 2685 648 2755 intel
665 2677 777 2755 soedos
798 2680 969 2779 amplexus
991 2681 1077 2777 (qui
1095 2701 1211 2750 rerem

15 2783 89 2857 tulli
113 2775 219 2954 lump
242 2789 275 2853 in
292 2781 452 2856 familiari
470 2781 646 2882 colloquio
654 2779 822 2854 demones
841 2801 963 2880 rogent
982 2803 1056 2876 quae
1076 2775 1209 2858 volunt,

15 2887 37 2951 lt
62 2875 194 2984 respon
212 2907 230 2952 a
247 2907 395 2980 querant
413 2884 523 2955 lamiae
542 2931 551 2960 ,
572 2881 608 2952 id
627 2879 718 2976 quod
743 2875 946 2954 adversarius
975 2880 1062 2948 inter
1093 2897 1209 2949 caetera
1251 2961 1253 2964 ¹

15 3005 112 3082 rget.
147 2989 197 3055 At
216 3006 316 3054 merae
342 2979 417 3053 sunt
446 2983 704 3150 imaggnatrones
731 3026 741 3058 ,
772 2977 894 3075 quibus
913 2978 983 3050 veri
1001 2972 1085 3045 nihil
1112 2975 1208 3048 inest.

15 3081 110 3176 Quod
135 3087 246 3152 etiam
259 3075 481 3179 sepenumero
556 3103 635 3151 mon
651 3082 686 3148 in
706 3071 817 3174 specie
834 3077 924 3146 canis
947 3073 1087 3155 ,hirti,
1109 3068 1212 3144 alius·

15 3201 39 3250 e
60 3177 163 3252 bruti
181 3183 360 3259 animalis,
373 3176 442 3252 sive
451 3174 595 3275 speciem
606 3201 722 3254 eorum
733 3168 939 3271 assumpserit
959 3175 1087 3242 tantum
1111 3219 1121 3252 ,
1142 3169 1210 3244 sive

15 3299 125 3350 evera
144 3275 305 3352 invaserit
325 3285 364 3352 δι
387 3271 577 3358 obsederit,
595 3275 637 3346 ad
657 3277 790 3348 Lamias
809 3271 989 3351 accedere,
1008 3273 1026 3342 a
1043 3267 1210 3368 plerisque

15 3374 139 3448 tratur
162 3423 172 3453 2
191 3379 388 3450 interutras
409 3377 550 3448 Lutiani
568 3377 772 3446 narrationes
804 3368 1022 3444 recenseatur.
1048 3365 1210 3442 absurdis

15 3471 237 3546 elationibus
255 3479 404 3550 ustiones
424 3474 613 3546 criminales
634 3495 860 3572 exaggerare,
878 3468 1123 3542 decerminime
1131 3491 1211 3565 pru-

15 3573 130 3649 ¹ene5
159 3567 242 3650 ,sed
261 3577 375 3674 potius
394 3569 730 3646 demonstrationibus
758 3565 831 3642 sole
851 3565 1036 3640 meridiano
1056 3565 1211 3638 clariori-

15 3687 63 3748 ἰιι
90 3671 159 3743 uti.
898 3745 899 3748 Ἴ

50 3776 70 3861 §
97 3771 170 3844 28.
199 3773 285 3844 Cum
302 3769 413 3848 adhoc
432 3773 468 3842 in
486 3772 582 3872 lupos
599 3767 765 3862 linime'nti
774 3769 912 3848 virtute,
922 3759 1008 3836 velfi
1021 3759 1128 3843 voles,
1137 3756 1211 3830 dia-

15 3873 119 3949 olrca
145 3891 221 3942 arte
237 3895 414 3944 momento
432 3867 465 3942 se
483 3892 598 3948 reuera
615 3889 779 3944 mutatas,
798 3871 836 3937 δι
858 3865 922 3936 alia
940 3861 1134 3932 inunaione
1153 3855 1211 3926 de·
1294 3927 1297 3934 ,

15 3979 64 4050 uo
84 3975 127 4045 in
149 3969 307 4047 homines
336 3965 603 4067 transformarat,
615 3959 872 4038 constantissime
891 3960 1055 4036 fateantur
1073 3957 1211 4027 edentu-

642 4067 737 4164 Yyy
761 4085 784 4135 2
805 4077 809 4086 ²
1056 4053 1096 4125 lae
1115 4075 1209 4129 anus,
