3198 4422
406 177 437 249 C
488 193 516 249 A
565 199 583 250 r
633 199 657 278 u
706 202 727 249 r
824 181 963 255 xxti.
1201 208 1285 282 733.

68 313 245 390 hereticis.
285 306 477 382 Identidem
485 305 662 414 Theologi
673 307 828 383 authores
838 311 982 394 Mallei,
1000 317 1153 388 intertiae
1162 323 1267 416 partis

63 417 184 496 initio,
206 409 319 510 quast.
335 433 390 505 35.
411 408 462 479 bis
481 407 593 484 verbis
604 411 726 486 docet:
752 415 801 483 Ex
813 410 915 486 corde
935 438 1024 504 vero
1037 417 1193 514 apostata
1204 467 1216 500 ,
1240 417 1264 490 fi

61 515 180 588 nolunt
190 509 340 589 refilire,
361 507 560 581 uthaeretici
581 511 858 612 impoenitentes,
879 511 1053 586 tradentur
1063 519 1163 586 curiae
1173 512 1266 588 secu-

5 651 14 660 ·
60 615 132 689 lari.
177 615 213 686 Si
234 633 341 681 autem
363 607 495 691 velint,
514 610 722 708 recipiuntur
741 631 843 706 prout
864 611 1015 682 botatici
1034 609 1264 712 poenitenter,
1318 654 1349 686 ·.

56 717 190 814 juxtae.
207 710 248 782 ad
259 707 475 780 abolendam.
496 713 524 796 §.
536 713 659 808 poenir.
680 709 723 780 de
740 713 853 782 barret.
864 710 956 782 libro
970 737 989 785 v
1003 733 1033 781 1.
1066 715 1264 788 Concordat

65 809 252 910 Rayrnund.
272 814 325 878 tit.
349 807 391 878 de
404 807 554 908 Apollol.
574 833 605 880 c.
629 829 839 882 revertentes.
873 808 946 883 Ubi
964 810 1070 883 dicit:
1097 812 1263 908 Quodre·

63 931 224 988 vertentes
247 907 291 981 ab
313 906 660 1008 apollanaeperfidia,
682 931 759 998 turn
779 905 903 979 fuerint
915 910 1086 993 haeretici,
1104 933 1263 1009 tanquam

59 1029 262 1086 revertentes
275 1007 320 1082 ab
340 1007 482 1087 haresr,
503 1003 579 1078 sunt
588 1005 793 1106 recipiendi:
812 1013 855 1080 Et
867 1007 922 1079 hic
933 1004 1071 1098 sumitur
1080 1035 1180 1081 unum
1201 1035 1262 1110 pro

55 1113 133 1182 alio.
178 1111 574 1207 Erin2.parteDecret.
590 1110 725 1205 eap.26.
759 1105 888 1202 uaest.5.
921 1104 1100 1207 Episcopi:
1120 1114 1263 1207 Eupra-

56 1205 158 1284 tniffiu
174 1207 436 1280 authoritatibus
448 1206 649 1305 colligitur,
670 1131 763 1314 quod
772 1205 894 1286 arioli,
914 1203 1079 1306 aruspices
1092 1255 1103 1287 ,
1114 1210 1263 1282 incanta-

56 1331 149 1381 tores
166 1310 204 1378 &
215 1303 367 1408 sortilegi
373 1329 488 1406 ,atque
498 1308 611 1378 caeteri
623 1304 786 1403 ejulrnodi
798 1301 976 1378 senatores
991 1305 1032 1376 ab
1042 1304 1179 1380 ccclesia
1189 1303 1262 1380 sunt

59 1405 283 1478 eliminandi:
307 1404 420 1478 Etnifi
431 1403 651 1504 refipuerint,
668 1426 831 1503 perpetuo
840 1404 1168 1478 excommunicandi.
1197 1407 1261 1482 Sed
1278 1394 1374 1520 ff·

59 1505 154 1606 quod
166 1509 200 1577 in
211 1505 334 1577 ultimo
346 1503 546 1614 Anquirensr
559 1529 612 1576 ca.
624 1529 665 1575 ea
683 1504 853 1604 quaefiunt
871 1529 928 1602 per
938 1507 1183 1588 incantatores,
1194 1529 1260 1578 non
1278 1473 1384 1570 obilu
1402 1545 1417 1552 =-

58 1609 252 1704 incorpore
267 1653 278 1686 ,
295 1598 395 1676 sedin
405 1607 521 1703 lpiritu
533 1603 776 1678 fieridicuntur
788 1653 799 1684 ,
812 1602 1016 1699 Augustinus
1028 1601 1063 1676 in
1073 1600 1135 1674 lib.
1148 1603 1191 1676 de
1203 1602 1261 1681 Ci·
1279 1581 1396 1712 ζ’ἶῗῖῗρ

57 1708 124 1780 vir.
164 1707 232 1778 Dei
243 1756 252 1784 ,
265 1703 355 1776 idern
366 1701 662 1785 videturafferere,
679 1707 727 1776 ita
736 1702 850 1774 dicens
864 1727 872 1773 ε
899 1706 985 1799 Qu
992 1725 1168 1805 magorum
1180 1729 1261 1802 prae-
1278 1724 1316 1755 w
1333 1721 1372 1755 Μ·

58 1803 170 1902 stigiis
183 1803 271 1876 fiunt
282 1851 292 1884 ,
305 1827 370 1875 non
383 1831 471 1887 vera,
485 1799 543 1878 sed
554 1800 757 1904 phantastica
765 1798 831 1874 elle
842 1800 1034 1899 probantur.
1069 1807 1184 1894 Quare
1193 1807 1262 1876 cri·
1278 1785 1337 1821 ''m''

55 1902 176 1977 minali
187 1905 314 1976 actioni
323 1907 357 1976 in
367 1903 486 1977 lamias
496 1903 553 1978 bic
562 1901 670 1975 nullus
681 1905 746 1975 erit
756 1901 860 1974 locus.
1213 1913 1216 1921 '

103 2007 119 2092 §
145 2011 177 2071 6.
207 2006 286 2102 Qra
307 2001 443 2104 insuper
462 2005 718 2082 moderatione,
735 2005 894 2078 nimirum
906 2021 994 2074 certa
1013 2001 1203 2100 ignominia
1222 2007 1261 2074 δε

49 2102 159 2175 exilio
171 2101 440 2198 easdem'puniat
462 2099 673 2197 magistratus
683 2095 926 2178 Bononieniis,
945 2094 1101 2197 descripfi
1123 2099 1186 2172 lib.
1200 2125 1259 2172 vr.

49 2218 193 2294 cap.19.
213 2197 428 2299 del’rzl’tig.¹
440 2197 537 2268 daem.
554 2219 629 2292 qna
648 2189 802 2294 proledo
813 2197 966 2267 nonnihil
976 2197 1083 2269 adhuc
1092 2196 1261 2272 vetustatis

52 2295 185 2368 Italica
199 2291 413 2392 pnrdentiam
423 2293 539 2390 sapere
558 2293 707 2375 videtur,
730 2295 921 2368 &infinitis
934 2294 1137 2394 praferenda
1149 2297 1260 2372 modis

51 2395 205 2467 aliorum
216 2393 430 2494 quorundam
448 2393 620 2492 tyrannidi
631 2442 644 2476 ,
663 2395 722 2494 qui
733 2394 775 2467 ad
785 2394 978 2466 flammeum
998 2395 1080 2468 illud
1101 2396 1261 2469 holocau·
1346 2421 1349 2425 ·

49 2493 141 2568 stum
163 2495 467 2598 procipiresnimis
479 2491 627 2566 seruntur
638 2541 650 2575 ‚
668 2493 753 2566 olim
767 2494 887 2592 justam
908 2495 1067 2568 talionem
1078 2544 1090 2578 ,
1108 2493 1261 2567 nistresi-

49 2589 201 2690 piscant,
210 2588 349 2666 sensuri.

49 2755 242 2870 Quomodo
257 2757 386 2838 Lamia
396 2757 526 2838 mentis
537 2785 651 2838 errore
663 2760 688 2834 ὰ
701 2751 838 2838 diabolo
849 2751 987 2863 affeiiae,
997 2784 1059 2835 nec
1068 2755 1131 2836 uli
1138 2757 1261 2862 noxia,

122 2872 215 2982 sunt
222 2869 428 2959 reducenda,
440 2881 476 2954 (εἰ
490 2899 561 2980 qua
578 2875 631 2948 eis
638 2865 949 2978 statuendapoena:
964 2873 1045 2950 Nec
1056 2881 1184 2954 omnm

388 2985 608 3063 voluntatem
620 2977 919 3092 effepuniendam.

473 3157 554 3230 CA
579 3178 608 3224 r.
666 3152 835 3227 XXIII.

200 3297 237 3364 U
250 3309 298 3364 nu
319 3313 404 3390 ergo
424 3289 551 3360 Lamia
560 3291 722 3358 errore&
734 3284 904 3382 phantasia
921 3285 1059 3370 delusae,
1082 3296 1120 3362 &
1137 3285 1257 3361 satanae

202 3383 357 3488 perversa
375 3387 588 3459 institutione
606 3382 747 3458 seduna
767 3381 1032 3487 cognoscanturt
1059 3395 1139 3462 Nec
1158 3389 1258 3459 alicui

205 3488 247 3560 ab
257 3485 383 3559 eisdem
396 3485 520 3556 malum
541 3509 681 3566 revera,
700 3481 851 3556 ariolum
873 3489 1115 3587 imaginatione
1125 3484 1258 3554 illatum

45 3576 122 3655 eise
135 3605 226 3654 cerro
236 3583 358 3657 sciatur
370 3635 380 3666 ,
393 3581 516 3656 saniori
526 3583 681 3656 dodrina
690 3580 910 3656 informanda
921 3607 1037 3663 erunt,
1055 3605 1092 3653 ut
1104 3580 1257 3680 repudia-

43 3685 97 3754 tis
108 3683 268 3754 daemonii
279 3681 451 3765 ludibriis,
480 3682 617 3759 Christo
636 3679 877 3756 sacramentum
890 3679 1000 3754 rursus
1013 3681 1189 3778 praestent,
1207 3703 1257 3753 at-

43 3803 122 3881 que
134 3783 186 3850 uti
197 3779 309 3852 lunata
318 3807 359 3854 ex
369 3785 521 3884 corporis
533 3791 697 3883 compage
707 3783 873 3865 membra,
884 3781 1000 3853 debita
1008 3781 1154 3883 ligatura
1165 3781 1258 3852 relli-

39 3899 193 3955 tuantur
213 3883 423 3980 poenitentes.
470 3887 690 3982 Qtantopere
712 3881 769 3954 hic
787 3881 922 3954 fidelem
942 3879 1257 3977 mysteriorum-Dei

40 3973 319 4082 dispensatorem
329 3980 554 4060 enitideceret
565 4031 578 4068 ,
599 4003 639 4054 ur
649 3979 691 4053 ad
702 3981 829 4056 Christi
838 3979 932 4055 orne
943 3980 1157 4056 reduceretur
1166 3980 1258 4060 onis,

263 4117 275 4128 ·
672 4081 798 4152 Zzzz
825 4095 843 4172 3
1164 4099 1259 4175 ¹per·
