3240 4438
50 225 101 308 VI
359 219 712 296 lutauxuac
760 221 1009 302 Porum.
1144 205 1325 325 ,507¹

54 363 148 442 velut
165 357 201 436 in
225 353 422 434 extricabili
440 355 844 460 labyrinthoimplicati,
865 385 911 436 ex
930 361 1077 465 simplici
1094 389 1212 440 errore
1229 368 1266 438 in

55 464 153 541 mille
170 466 218 536 ita
237 458 494 563 prolaberentur
514 461 605 532 cauti
624 461 755 542 minus,
769 460 1002 536 undet‘andem
1012 466 1123 540 nullus
1134 465 1267 540 videtur

54 561 218 641 evadendi
231 583 290 633 aur
308 557 450 632 finiendi
468 558 598 632 modus.
642 556 815 657 Ejusmodi
824 561 902 634 telae'
918 585 1024 664 genua
1034 563 1175 640 solerter
1185 556 1267 637 o'on·

52 687 170 738 texere
179 663 290 743 novit,
300 656 541 759 consuevitque
554 661 773 734 veteratorius
786 659 844 733 ille
856 683 984 736 textor.
1289 726 1293 743 ,

102 767 120 857 §
145 790 177 838 2.
202 761 267 842 Sed
277 763 510 860 maximopere
520 758 762 832 dolendumest
771 809 783 843 ,
799 763 834 832 in
844 763 955 860 iisqui
974 760 1267 863 principibussunt
1299 798 1302 804 2

53 866 75 939 al
98 862 271 944 confiliis,
290 859 344 936 vel
367 857 596 962 magistratum
616 880 768 958 gerunt,
794 881 850 930 aur
871 862 1114 959 rempublicam
1141 863 1266 964 guber-

1 991 3 1028 :
51 986 159 1046 nant,
176 961 357 1036 desiderari
367 958 570 1060 quandoque
582 974 748 1042 maturam
768 955 1073 1043 deliberationem,
1090 955 1265 1044 discretio-

1 1092 3 1132 :
53 1089 160 1148 nem,
180 1072 219 1138 &
233 1059 421 1134 absolutam
433 1085 546 1132 rerum
556 1057 840 1165 intelligentiam:
866 1059 956 1131 unde
973 1060 1036 1140 lit,
1054 1082 1093 1131 ut
1110 1065 1265 1161 praecipi-

1 1201 19 1214 r·
51 1187 106 1238 tes
127 1165 228 1236 nimis
241 1161 425 1260 plerunque
443 1157 592 1230 serantur
610 1157 651 1228 ad
664 1159 835 1260 sanguinis
849 1155 1047 1231 effusionem
1064 1179 1136 1230 tum
1156 1162 1189 1230 in
1202 1161 1266 1231 lroc

1 1265 3 1346 ξ
52 1268 206 1368 negocio
216 1261 426 1333 demoniaca
435 1305 446 1340 ,
461 1281 533 1330 tum
543 1261 577 1330 in
588 1257 692 1329 caulis
705 1253 904 1358 quibusdam
915 1260 991 1332 aliis
1002 1284 1071 1330 non
1081 1261 1129 1328 ita
1139 1258 1267 1330 diffini«

1 1437 3 1450 ,
52 1367 108 1437 tis.
190 1381 290 1432 uanta
302 1381 410 1430 autem
421 1357 636 1430 consiliorum
656 1361 848 1430 maturitate
859 1383 898 1430 ac
915 1357 1131 1458 providentia
1150 1379 1266 1430 contra

54 1463 117 1534 has
129 1460 374 1534 daemoniorum
386 1477 494 1540 artes,
514 1457 581 1529 sme
599 1459 829 1529 innocentium
840 1459 1057 1539 carnificina,
1077 1457 1267 1530 cunctand-

52 1559 285 1636 ministrentur
304 1561 337 1630 in
349 1552 548 1657 amplissimo
568 1581 675 1657 reguo
685 1557 841 1630 eledloris
851 1557 996 1654 Palatini
1015 1564 1064 1632 D.
1076 1557 1269 1638 Friderici,
1290 1585 1389 1634 rantra

53 1663 222 1762 principis
235 1659 342 1758 (quod
353 1661 435 1730 citra
450 1659 584 1758 palpum
595 1657 721 1729 drdlum
733 1657 830 1751 volo)
852 1654 1269 1759 sapienriaeinsrgnis,me-
1286 1649 1393 1759 {23:2¹2

1 1781 2 1786 ’
54 1758 230 1832 morando:
241 1763 387 1858 pietatis,
399 1765 434 1830 ἃ
450 1757 619 1828 modestia
630 1757 905 1856 incomparabilis
917 1779 1161 1856 ,praeterquam
1173 1757 1265 1857 quod
1285 1773 1380 1846 μαιω-

52 1883 109 1937 res
121 1855 190 1960 ipsa
202 1883 269 1930 non
286 1858 428 1930 obscure
447 1856 572 1940 docet,
593 1864 631 1930 δι
643 1853 954 1959 testanturinsrgnia
974 1855 1084 1928 edida
1100 1859 1169 1954 jam
1185 1847 1330 1957 pro-¹⁸¹⁴·

52 1959 227 2059 mulgata:
257 1955 386 2037 accedit
407 1955 443 2028 id
463 1965 599 2056 quoque
618 1959 654 2026 in
673 1961 815 2056 primis,
833 1953 925 2052 quod
945 1955 1266 2055 D.Christophorus
1287 1958 1380 2024 caup·-

51 2059 200 2138 Probus,
210 2057 262 2130 Ll.
274 2060 405 2132 Dodlor
413 2052 684 2136 consultissimus,
696 2065 733 2129 δε
746 2055 964 2128 cancellarius
979 2051 1265 2154 vigilantissimus,
1285 2025 1367 2137 iiiiii

50 2182 161 2255 nuper
172 2160 205 2228 in
215 2161 372 2326 proximo
384 2153 686 2257 Bingaedesrgnato
696 2177 861 2226 conventu
873 2157 1061 2254 principum
1079 2155 1264 2228 elestorum
1286 2147 1393 2259 ‘43:225

48 2257 257 2336 Rheni,uri
268 2254 360 2425 inopus
372 2259 439 2336 mei
447 2269 562 2352 operis
573 2259 662 2325 sorte
672 2254 837 2324 incideret
849 2277 1002 2334 mentm,
1022 2252 1132 2352 palam
1143 2251 1265 2328 diserte
1286 2229 1361 2321 ilina.

50 2381 96 2428 ac
106 2354 283 2456 prudenter
318 2380 395 2426 uam
407 2351 449 2423 de
461 2353 574 2424 harum
592 2349 795 2426 offuciarum
808 2361 845 2427 &
858 2353 1074 2424 daemoniaca
1094 2353 1264 2454 tragoedie

50 2452 284 2528 controversia
293 2449 490 2524 sententiam
501 2454 715 2552 explicuerit.

1 2547 3 2586 ²
96 2559 123 2640 ⁴§
152 2579 179 2645 3.
207 2554 356 2651 Optimo
361 2554 435 2649 jure
450 2553 487 2621 in
497 2553 584 2624 hunc
594 2547 787 2623 referendus
797 2553 862 2624 erit
881 2547 1073 2650 catalogum
1084 2545 1263 2657 generosus

1 2725 4 2730 ,
55 2659 99 2726 &
113 2649 246 2722 illustris
258 2655 610 2724 eomesaNiuwenar
621 2647 1122 2749 D.Hermannus,virprofedto
1133 2649 1263 2749 lingua·
1284 2701 1410 2761 ww„

53 2774 136 2824 rum
154 2743 386 2848 peritissimus,
401 2750 568 2824 ¹dodlrinae
579 2752 790 2852 multijugae,
808 2753 974 2842 memorio
994 2743 1204 2842 fidelrffimq,
1223 2757 1260 2823 δι
1281 2776 1357 2808 ww

44 2851 189 2950 'ingenii
207 2851 293 2920 rari:
313 2848 477 2946 quihaud
497 2855 544 2923 ita
565 2851 697 2950 pridem
715 2849 872 2924 industrie
892 2847 1073 2921 admodum
1086 2852 1262 2931 Lamiam,
1282 2827 1397 2936 fam*

51 2973 268 3049 quecunque
279 2945 410 3048 flagitia
421 2945 514 3020 satuo
525 2949 602 3020 huic
614 2949 789 3042 hominum
809 2951 925 3053 generi
944 2945 1092 3030 assueta,
1112 2947 1263 3020 sedima-

50 3053 188 3152 ginarie
207 3047 405 3120 solumnota
417 3046 623 3131 confessam,
646 3045 752 3120 exilio
764 3053 896 3150 puniit,
917 3045 1011 3146 quod
1021 3048 1115 3142 hujus
1126 3046 1263 3118 mulier-

0 3161 13 3196 ‘¹⁴
51 3148 131 3242 cusq
143 3152 274 3224 vicinos
295 3146 361 3220 hoc
371 3148 614 3221 incredulitatis
627 3144 754 3218 sascino
765 3145 876 3218 adhuc
885 3145 1061 3230 detentos,
1080 3171 1153 3218 cam
1163 3148 1264 3216 mini-

0 3279 1 3292 ¹
51 3271 114 3320 me
123 3251 322 3322 toleraturos
333 3247 470 3323 videret'.
494 3243 745 3326 Confeffionem
755 3246 840 3318 mihi
851 3245 893 3318 ab
902 3249 972 3344 ejus
981 3246 1263 3320 clementiaoom-

11 3345 16 3358 ’
50 3344 436 3451 munitatamipselegi.

5 3481 15 3538 γ
108 3449 125 3531 l
148 3465 184 3540 4·
210 3451 309 3524 Suam
321 3455 460 3548 quoque
477 3445 534 3517 hic
544 3445 676 3519 laudern
688 3441 833 3518 meretur
842 3439 1020 3549 generosus
1034 3469 1148 3517 comes
1159 3455 1265 3522 Mon-

1 3538 19 3615 :5¹
51 3540 389 3644 tensrsGuiljelmus‚
413 3548 471 3645 qui
481 3571 583 3646 quum
596 3547 682 3644 haud
693 3549 741 3618 ita
750 3545 882 3644 pridem
893 3549 928 3618 in
940 3544 1082 3618 vinculis
1095 3543 1263 3619 detineret
1282 3553 1381 3616 Guliel-

4 3669 15 3709 ι’
52 3641 468 3752 vetulamodtogenariam
479 3644 526 3718 ob
545 3649 880 3720 incantamentorum
900 3641 1148 3742 suspicionem,
1169 3645 1209 3718 ad
1221 3645 1263 3717 il-
1283 3631 1396 3728 2¹:122.

1 3746 18 3814 r‘·
43 3723 127 3820 lam
147 3743 335 3844 ingressus,
355 3743 498 3819 studiose
519 3744 566 3819 sm
594 3748 649 3819 ula
669 3773 728 3848 per
754 3751 830 3819 uiro
842 3797 853 3830 ,
884 3745 964 3817 licet
984 3741 1168 3818 mendaciis
1189 3771 1261 3818 eam
1284 3743 1354 3804 md·

1 3843 20 3918 :5
50 3843 352 3923 onerari,naribus
367 3775 695 3921 minimeobsruffis
708 3771 896 3920 odorarem.
969 3869 1049 3913 num
1069 3869 1150 3918 vero
1169 3844 1265 3939 obje-

3 3951 17 4014 ἄ
53 3939 1265 4050 &umell‘et1,filiummatricaptae,curruiqueutavcheretur,insidenti
1316 3983 1322 3988 -

7 4047 17 4114 ξ’-
53 4041 202 4144 globum
214 4067 376 4127 terreum,
390 4049 478 4144 cujus
488 4051 639 4162 potentia
649 4043 683 4120 se
697 4055 716 4119 a
728 4045 871 4120 vinculis
882 4033 1056 4129 liberarel,
1066 4039 1262 4145 porrexisse:

0 4171 16 4212 a
713 4141 779 4234 *Ss
781 4141 802 4218 s
818 4165 840 4217 2
1122 4141 1265 4220 eundem
