3276 4444
102 157 163 236 v1
257 211 262 222 .
363 153 1046 258 IuFAutuutPoums.
1243 107 1388 255 477Ι

109 318 170 369 ces
187 288 313 394 gestisse
330 293 367 362 in
385 289 491 363 choro
513 337 525 372 ,
555 289 727 372 claustro,
754 287 916 387 templo,
943 290 979 360 in
997 287 1156 362 omnibus
1178 291 1316 368 demum

108 390 389 468 conventualibus
411 383 523 488 (quos
536 389 684 489 vocant)
706 383 931 488 congressibus
950 413 1075 490 magno
1094 393 1230 488 pietatis
1249 393 1317 468 stu*

104 494 194 574 dio,
212 489 391 564 scribitur:
418 488 634 590 Magdalenae
649 492 732 560 item
748 485 961 560 denunciasse
977 535 990 572 ,
1010 487 1071 562 ubi
1090 488 1134 562 ab
1151 491 1315 564 Ecclesia·

108 590 196 664 stico
215 589 354 666 servitio
372 588 460 661 libet
480 586 581 668 esset,
603 587 763 686 quicquid
781 611 891 660 rerum
912 589 948 658 in
967 585 1052 660 orbe
1072 609 1315 664 terrarumtra·

100 694 270 766 staretur:
292 688 387 788 quod
407 712 512 786 quum
527 682 602 854 ipsa
618 690 660 759 iis
681 689 767 785 apud
787 712 873 794 quos
893 688 930 758 in
948 681 1078 758 summo
1090 711 1162 760 erat
1179 695 1312 786 preci0,

103 789 339 892 significaret,
365 790 503 859 eximiae
543 787 710 857 anffitatis
732 785 775 858 de
793 791 827 856 le
845 785 1128 858 existimationem
1148 791 1314 862 mirb'au-

104 889 232 990 gebat,
255 884 409 984 vatisque
434 884 498 958 fibi
518 909 640 956 nomen
661 885 896 983 comparabat.
945 888 1023 980 Qa
1040 888 1171 957 ratione
1192 911 1313 986 praeter

103 990 215 1061 aetatis
230 1009 361 1059 morem
390 989 425 1056 in
447 978 661 1074 Abbatissam
692 982 827 1056 tandem
859 985 1031 1068 communi
1046 979 1312 1061 ¹fraterculorum

104 1093 146 1161 &
166 1087 415 1162 monachorum
437 1079 602 1180 suffragio
621 1082 726 1154 elebm
745 1079 813 1153 est.
865 1079 1142 1182 Vulgatissimum
1161 1084 1226 1162 hoc
1243 1085 1313 1171 est,

129 1188 241 1257 uoties
262 1184 428 1253 moniales
450 1179 615 1254 consuetis
633 1179 700 1251 ‘suis
719 1179 838 1250 diebus
860 1181 1184 1269 communicabant,
1209 1179 1313 1256 sacri·
1344 1266 1350 1278 ·

101 1211 228 1356 scium
255 1307 299 1351 ex
334 1283 511 1350 numeratis
542 1281 638 1378 panis
666 1277 859 1359 orbiculis,
897 1303 1001 1348 unum
1028 1273 1156 1379 semper
1185 1278 1313 1354 deside·
1421 1303 1426 1318 ·

104 1376 228 1459 rasse,
261 1379 321 1477 qui
341 1377 456 1448 talium
487 1376 616 1450 scilicet
642 1377 841 1478 angelorum
866 1379 1051 1449 ministerio
1069 1381 1113 1452 'ad
1131 1385 1193 1452 Ma
1220 1379 1314 1451 dale-

106 1501 189 1550 nam
213 1481 322 1548 inter
343 1476 504 1549 moniales
522 1479 557 1546 in
578 1475 685 1548 choto
705 1471 968 1558 consistentem,
1002 1476 1089 1548 clam
1119 1406 1314 1574 persisteba-

103 1597 163 1648 tut
183 1625 195 1658 ‚
226 1579 264 1648 &
288 1599 388 1671 quem
407 1598 465 1647 ore
484 1597 656 1675 acceptum
676 1574 970 1647 circumstantibus
992 1577 1027 1644 in
1049 1576 1201 1647 miraculi
1222 1574 1313 1649 testi·

105 1677 265 1746 monium
294 1674 354 1744 illa
388 1673 604 1746 ostendebat.
648 1681 767 1749 Fertur
783 1667 827 1745 ad
848 1671 918 1744 haec
940 1721 952 1755 ,
1009 1672 1079 1746 ubd
1099 1699 1203 1773 quum
1224 1680 1313 1748 inter

105 1765 219 1846 missae
237 1772 496 1846 celebrationem
517 1773 724 1870 Magdalena
751 1799 819 1844 non
841 1771 960 1870 procul
977 1698 1108 1844 albescet
1129 1777 1312 1873 ,interpo-

101 1869 169 1945 fito
181 1893 294 1943 tamen
306 1875 462 1972 pariete,
483 1873 540 1943 hic
562 1871 605 1944 ad
626 1871 740 1943 hostiae
760 1869 900 1943 missalis
919 1869 1143 1946 elevationem
1159 1871 1313 1946 dehisce-

51 2053 56 2060 ,
100 1992 155 2044 ret
176 2023 185 2052 ,
210 1967 457 2069 conspectaque
477 1970 594 2042 eadem
614 1965 738 2042 sacrata
757 1970 947 2043 cibaretur.
994 1969 1096 2042 Haud
1118 1975 1227 2042 minus
1249 1997 1312 2042 no-

104 2067 358 2153 tumhabetur‚
383 2073 519 2170 quoties
532 2072 567 2140 in
578 2067 826 2167 aliquasolenni
835 2066 918 2140 seria
929 2065 1040 2151 sacta,
1060 2069 1128 2140 haec
1140 2065 1309 2144 abbatissa
1347 2089 1354 2094 '

105 2167 357 2243 §monialibus
375 2167 463 2243 esset
492 2167 642 2242 ducenda
672 2219 681 2248 ,
715 2167 819 2268 ipsam
840 2166 963 2265 insigni
984 2187 1084 2265 atque
1110 2163 1310 2282 protligioso
1411 2235 1414 2244 .

101 2269 271 2366 quopiam
298 2269 500 2352 miraculo,
532 2267 625 2340 edito
655 2270 691 2338 in
720 2271 872 2339 omnium
902 2265 1076 2337 astantium
1106 2269 1306 2365 conspeetu,

101 2387 194 2436 manc
206 2367 225 2435 ὲ
236 2362 309 2438 solo
319 2369 444 2440 elatam
459 2367 503 2439 ad
513 2389 578 2438 tres
591 2387 647 2438 aut
666 2367 810 2465 amplius
822 2365 955 2437 cubitos
967 2369 1003 2434 in
1012 2365 1139 2445 altum,
1158 2363 1306 2438 nuncfe-
1383 2427 1386 2435 .

99 2487 234 2539 rentem
256 2465 389 2563 parvuli
409 2469 516 2565 Jusu
535 2471 729 2538 recennnati
750 2464 882 2537 idolum
894 2463 1042 2543 nudum,
1061 2463 1102 2535 ad
1114 2462 1308 2561 lachrymo-

102 2559 239 2635 sassuas
253 2589 367 2670 preces
391 2563 598 2662 (lachrymis
608 2567 733 2635 ete'nitn
744 2561 879 2638 valebat
890 2562 1058 2660 multum)
1079 2557 1246 2633 crescente
1269 2560 1312 2634 ad

104 2661 202 2733 imbs
220 2667 322 2759 usque
341 2663 427 2734 talos
449 2664 639 2764 capillitio,
663 2661 754 2761 quod
772 2687 854 2732 mox
872 2659 914 2733 ad
928 2658 1047 2761 justam
1068 2659 1312 2759 pristinamque

98 2754 256 2830 formam
275 2755 381 2832 rursus
402 2765 653 2835 contraheretur
676 2798 698 2844 ,s
734 2785 811 2834 cum
832 2758 924 2832 nudo
955 2758 1051 2830 idolo
1082 2781 1309 2859 coopertam:

1 2925 3 2955 L
99 2881 139 2956 at
165 2881 209 2929 ue
229 2857 266 2930 id
285 2883 388 2958 genus
406 2862 481 2933 aliis
501 2859 678 2962 praestigiis
697 2859 788 2933 diem
809 2857 927 2932 sellum
947 2861 1181 2954 actionemque
1199 2853 1307 2962 ipsam

1 3026 2 3033 ,
97 2980 116 3031 r
161 2953 291 3029 didisse
318 2953 534 3034 sanatorem.
580 2965 785 3059 Quanquam
808 2967 892 3034 vert>
922 2981 996 3028 eam
1017 2953 1154 3028 summae
1173 2961 1312 3056 pietatis

1 3130 3 3140 ,
98 3053 228 3129 famam
251 3055 295 3130 ad
316 3079 369 3130 tot
387 3085 490 3132 annos
511 3059 703 3131 duraturam
724 3112 734 3140 ,
767 3063 802 3130 in
834 3059 1023 3129 contractus
1043 3056 1145 3126 initio
1165 3057 1312 3158 Magda-

98 3153 187 3226 lenae
205 3153 413 3254 promissset
432 3154 650 3230 milleartifex
671 3207 683 3240 ,
714 3155 750 3229 id
772 3176 886 3226 tamen
905 3151 1082 3226 inutilibus
1103 3151 1226 3226 saQum
1246 3157 1313 3226 mi-

100 3253 249 3326 raculis.
292 3261 423 3352 Neque
449 3259 539 3328 enim
561 3255 623 3328 ulli
641 3255 835 3329 mortalium
864 3255 1043 3353 egrotanti
1065 3251 1244 3328 contulisse
1261 3249 1312 3325 sa-

5 3419 7 3428 ,
102 3349 261 3433 nitatem,
275 3355 430 3426 auditum
442 3381 602 3452 unquam.

1 3539 2 3542 Ἴ
159 3451 176 3534 §
201 3476 234 3522 2.
256 3456 398 3525 Interim
421 3457 444 3524 a
462 3451 705 3556 pontificibus,
727 3448 1310 3550 Caesare&Hispaniarumproceri-

102 3544 172 3618 bus
183 3550 371 3648 accipiebat
383 3551 520 3632 literas,
542 3557 602 3651 qui
612 3548 644 3622 se
653 3577 788 3649 quoque
800 3559 837 3626 ἃ
850 3547 905 3622 sua
917 3553 1061 3652 negocia
1072 3549 1172 3622 ardua
1187 3543 1307 3620 sansti-

2 3705 13 3723 ,
97 3637 219 3720 ssimis
236 3647 336 3746 ipfius
358 3649 514 3748 precibus
525 3647 829 3732 commendabant,
850 3653 1004 3748 quinimb
1023 3645 1067 3718 dc
1087 3647 1184 3719 rebus
1203 3649 1305 3716 etiam

2 3814 9 3850 ε
91 3740 308 3921 praviffimis
324 3773 399 3820 eam
419 3750 511 3822 velut
530 3749 644 3823 divam
657 3769 713 3819 aut
723 3743 897 3822 fatidicam
907 3745 1075 3846 quandam
1088 3744 1307 3821 Oldatucon-

1287 3843 1291 3850 ·
1328 3827 1393 3888 urnfir
1409 3844 1433 3875 m

109 3843 285 3920 ulebant:
313 3845 771 3946 quemadmodum&pollea
780 3847 915 3921 demeto
923 3847 1112 3944 iniquitatis
1124 3843 1309 3939 mysterio,

1 4030 9 4056 p
91 3947 294 4021 docuerunt
314 3945 424 4021 literar
441 3943 645 4024 summorum
677 3945 860 4122 {pristiam
890 3943 985 4020 orbis
1005 3965 1235 4049 magnatum,
1250 3965 1312 4108 fim

737 4069 837 4140 003
1211 4057 1247 4135 up
1276 4062 1313 4110 us

1329 3457 1398 3511 Huius
1407 3469 1449 3503 m-

1326 3530 1393 3564 mum

1326 3595 1412 3644 ΜΝ

1327 3647 1435 3704 Hierony·

1326 3708 1423 3751 muer

1326 3766 1445 3814 ddeditla·

1328 3891 1414 3952 ballaria

1328 3951 1446 4000 musula.
