3276 4444
367 209 438 302 506
720 191 1188 267 nrmrooruu

477 438 527 524 In
537 381 1013 547 accufittioneobmrlepscium
1024 487 1035 521 ,
1043 419 1239 542 singularis
1249 415 1468 536 quomdam

748 547 952 664 principum
962 540 1171 659 prudentia.

815 742 951 814 Cur.
1018 755 1113 809 xvc.
1189 809 1195 824 κ

266 901 270 908 ’
334 911 338 920 ’
461 922 555 994 Orro
566 934 606 988 ut
622 911 826 1016 ejuscemodi
838 920 954 1015 Syrtes
974 915 1013 986 δι
1032 929 1195 1012 perpetua
1205 911 1401 982 animarum
1415 907 1593 984 nauscae

290 1057 293 1070 1
461 1018 693 1116 providentius
707 1017 922 1089 ⁴declinentur
945 1063 956 1095 ‚
980 1013 1203 1084 memoria&
1224 1012 1430 1082 imitatione
1443 939 1593 1112 dignrffi

461 1115 793 1197 mam-sententiam,
814 1140 915 1214 quam
934 1111 1023 1184 haud
1046 1114 1093 1182 ita
1128 1108 1239 1182 tidem
1260 1113 1353 1183 circa
1373 1109 1591 1214 quadragesi,

368 1240 460 1288 marn
480 1222 557 1292 anni
583 1221 688 1311 1563.
712 1206 951 1315 pronunciavit
970 1137 1207 1284 illustrissimus
1220 1213 1305 1283 Prin
1373 1210 1521 1284 snoller
1537 1218 1588 1285 D.

230 1307 349 1420 ff'ffssf‘¹’³
372 1317 572 1415 Guiljelmus
586 1317 654 1395 dux
667 1315 921 1414 Clrviaeqjuliae
933 1363 944 1394 ,
958 1317 1030 1384 &c.
1061 1311 1261 1382 cunctorum
1273 1235 1388 1384 οεῖΕς
1410 1309 1503 1386 velut
1517 1308 1588 1410 spt-

232 1391 317 1486 civn.
372 1416 483 1488 culum
495 1442 683 1518 proponere
697 1416 800 1490 volui.
836 1411 1002 1514 Agricola
1011 1408 1150 1510 quidam
1160 1425 1204 1480 ex
1216 1409 1389 1484 Marchiae
1402 1414 1566 1482 comitam
1574 1459 1586 1493 ,

221 1511 339 1610 ᾘζῗ·
373 1542 529 1590 armento
540 1511 718 1590 numeroso
738 1513 913 1614 locuples,
937 1513 1149 1610 crrjnsvnccae
1169 1503 1275 1582 solito
1289 1517 1404 1583 minus
1417 1511 1516 1583 lanis
1528 1511 1588 1582 ali·

372 1615 566 1717 quantisper
588 1613 810 1688 reddidissent
832 1663 842 1695 ,
872 1611 914 1684 ad
933 1609 1077 1684 ariolum
1095 1606 1283 1710 confugit,
1303 1633 1465 1711 capturus
1483 1608 1585 1684 conli-

372 1714 478 1785 lium:
505 1699 564 1812 qvi
585 1720 738 1813 protinus
760 1711 792 1784 se
805 1713 959 1786 Lamiam
979 1711 1049 1808 ejus
1062 1711 1200 1807 jacium
1223 1715 1432 1811 genitricem
1442 1705 1584 1784 olleusu·

373 1835 448 1882 rum
461 1816 657 1910 pollicetur,
698 1811 851 1884 Hinc'nd
866 1812 974 1886 villici
987 1812 1083 1906 hujus
1102 1808 1190 1880 aedes
1203 1814 1408 1892 comitatus,
1420 1809 1528 1882 filiam
1539 1833 1582 1884 ex

373 1914 480 2011 priori
491 1914 560 2009 ejus
569 1915 714 2013 conjuge
725 1910 833 1984 adhuc
846 1915 1014 2014 virginem
1027 1907 1252 2010 apprehendit
1265 1962 1277 1993 ,
1289 1908 1576 1983 huiclaffismale·

372 2009 456 2082 ficio
466 2014 637 2084 imminuti
657 2015 784 2084 crimen
802 2014 1012 2114 impingens.
1064 2014 1147 2080 llaec
1166 2035 1251 2082 mox
1273 2001 1573 2091 admoncillusm

375 2109 464 2182 male
482 2107 633 2210 persuasa
658 2119 695 2186 &
715 2110 850 2184 inducta
860 2161 873 2194 ,
896 2135 1012 2188 verum
1031 2105 1099 2180 esse
1109 2105 1257 2181 fatetur:
1286 2107 1339 2182 secl
1355 2103 1388 2182 se
1407 2102 1574 2182 nonsatis

375 2207 442 2282 esse
453 2210 609 2284 maleficii
621 2214 765 2310 peritam
775 2209 961 2312 subjungit,
974 2207 1072 2282 fimul
1082 2205 1245 2280 foeminas
1256 2207 1397 2282 sedecim
1410 2203 1578 2292 accusans,

376 2333 459 2408 quas
474 2313 556 2383 eain
575 2331 646 2384 arte
657 2306 810 2386 absolute
819 2311 935 2382 domas
945 2305 1014 2380 esse
1024 2305 1224 2381 affirmavit.
1262 2302 1583 2408 Illustriffimoprin·

376 2409 529 2508 eipihaec
550 2411 632 2485 ilico
643 2409 874 2509 significantur
894 2415 913 2480 a
936 2403 1089 2508 satrapa,
1108 2407 1169 2504 qni
1189 2433 1246 2504 eas
1263 2435 1380 2482 omnes
1391 2409 1583 2480 carceribus

376 2509 803 2610 incunClantermancipnri
821 2529 979 2609 oportere
998 2503 1181 2579 consuluit.
1218 2510 1283 2582 Ne
1294 2531 1403 2582 tamen
1413 2505 1583 2581 alicuilric

239 2649 264 2694 2„
272 2649 345 2752 5„st
377 2631 494 2778 planus
507 2612 684 2724 injiceret,
704 2613 856 2781 gravitepi
869 2607 1217 2777 inhibuitslt'irinqepsf
1243 2607 1360 2778 llriiste
1370 2612 1479 2780 etianp1
1492 2635 1584 2681 man·

240 2723 357 2756 '¹⁴³²
401 2732 538 2790 ans,ut
581 2735 688 2781 uocun
715 2734 833 2780 uerno
859 2731 1036 2780 oautrnr
1063 2729 1320 2778 nsrnvrncua
1418 2735 1457 2782 ra
1481 2733 1584 2783 eretur

234 2769 318 2880 sisi
378 2807 503 2880 ariolus
514 2737 584 2879 illi.
628 2738 778 2883 Puellam
789 2833 872 2883 vero
883 2809 926 2880 ab
945 2805 1092 2878 ecclelia
1104 2731 1576 2903 ministroacciriperiolnr'tejvs

238 2891 356 3004 Ζζῗῗξ·
381 2901 472 2980 Cels.
484 2909 526 2978 Et
537 2909 572 2979 in
587 2910 762 3009 precipuis
773 2905 854 2979 fidei
866 2904 1066 2983 Christianae
1076 2907 1229 2978 articulis
1240 2907 1579 2990 examinari‚dtinde

304 3005 311 3019 ‘
380 3003 423 3076 ab
446 3003 509 3076 hac
525 3003 690 3080 daemonis
710 3003 865 3079 illusione
886 3007 1041 3079 doclrina
1058 3001 1183 3078 saniori
1203 3006 1249 3078 ad
1277 3032 1429 3082 mentem
1446 3005 1579 3082 reduci:

379 3129 522 3204 eamque
533 3111 720 3180 cautiorem
731 3133 771 3178 ea
781 3104 1076 3180 rationeasatanae
1086 3103 1232 3205 strophis
1243 3104 1584 3206 redditam‚ficlqul·

378 3199 510 3277 soribus
522 3205 734 3290 constitutis,
753 3205 895 3280 fimodo
913 3233 970 3280 eos
981 3200 1139 3303 consequi
1150 3205 1262 3304 posset
1278 3205 1585 3303 (armagisinoffi-

378 3305 436 3374 cio
444 3305 701 3398 contineretur)
724 3305 770 3380 sm
780 3311 918 3390 minus,
937 3329 1009 3379 turn
1029 3304 1251 3405 propriafide
1267 3310 1361 3382 inter
1404 3293 1474 3383 stra
1484 3361 1496 3394 ,
1515 3335 1584 3382 urm

378 3400 468 3474 bona
480 3406 590 3504 gratia
609 3403 753 3477 dimitti.
796 3409 1015 3482 Aliasautem
1027 3427 1221 3487 matronas,
1241 3406 1310 3480 hoc
1328 3337 1424 3483 salsis
1435 3415 1584 3484 crimina-

378 3504 483 3576 tionis
495 3505 853 3604 cauteriolcorruptae
868 3511 992 3580 mentis
1011 3508 1143 3604 virgine
1150 3505 1301 3590 inustas,
1318 3510 1389 3582 ulla
1401 3515 1583 3585 omninore

407 3605 513 3677 ravari
531 3605 672 3676 minime
693 3601 892 3704 permissum
903 3605 958 3677 est.
1005 3612 1056 3678 lle
1076 3603 1335 3705 prudentissimo
1357 3610 1430 3682 hoc
1452 3611 1584 3685 confilio

378 3628 478 3799 iesrit
496 3702 551 3774 hic
571 3700 808 3798 fabulpaslus,
833 3712 871 3777 δι
891 3707 944 3777 lac
956 3729 1130 3779 vaccarum
1152 3729 1219 3802 qua
1239 3701 1327 3780 solet
1349 3714 1459 3808 copia
1480 3700 1598 3784 flurin

378 3804 522 3888 Utinam
534 3801 599 3874 hoc
610 3799 732 3876 salubri
741 3805 899 3904 exernplo
910 3807 1034 3876 moniti
1044 3805 1125 3886 alii,
1138 3805 1316 3975 principiis
1328 3807 1454 3883 hatum
1464 3831 1581 3925 trage-

377 3896 509 3973 dialum
528 3899 782 4002 quibuscunque
792 3905 822 3977 le
850 3907 955 3977 itimis
974 3903 1104 4002 piisque
1122 3905 1248 3975 rationi
1275 3931 1313 3979 us
1341 3911 1435 3981 irent
1451 3909 1583 3984 obsum

376 3999 653 4088 deliberariores:
679 4029 746 4076 non
757 3931 912 4106 proiecto
929 4007 1011 4078 inre
1022 4053 1034 4090 ,
1044 3999 1104 4078 ubi
1121 4027 1242 4103 parurn
1251 4007 1336 4083 certi
1346 4009 1459 4111 posset
1468 4008 1584 4084 statui,

1495 4103 1582 4183 velut
