3276 4444
393 204 464 297 508
787 197 1253 272 DEMAGonurt
1452 279 1457 284 ι
1557 191 1607 274 Vl

389 337 531 412 eundern
550 357 687 436 quoqne
694 329 1234 436 matrempromiffiadmonuill'e:
1254 328 1610 432 quodfinistreetiam

389 435 595 536 torquebant
613 431 847 516 accusatores,
866 429 1234 534 quaficffednramse,
1250 455 1341 504 neea
1352 436 1476 508 ratione
1487 435 1610 513 finem

390 539 470 610 vita
487 533 639 619 faceret,
659 531 815 636 pollicita
835 529 949 607 suisset
965 553 1084 605 mater.
1126 537 1203 605 Hos
1214 531 1377 606 articulos
1395 540 1611 613 tamattittt

390 633 480 736 apud
490 637 663 710 Comitem
683 631 850 735 urgebant
860 634 935 714 alii,
963 629 1400 708 utnisrvalidioretationis
1410 659 1609 719 πανομι-

391 733 551 834 queadeo
563 731 635 829 ipsa
655 729 1178 813 reiverimteseriorestitill'em‚
1199 756 1277 802 eam
1287 732 1524 836 llammaepost
1533 736 1602 811 dits

390 858 459 906 non
476 833 602 906 multos
621 830 850 908 devorassent.
899 836 990 904 Inter
1021 828 1289 928 colloquendum
1314 833 1351 902 in
1382 837 1492 906 animi
1525 835 1603 908 deli·

391 934 510 1034 quium
529 930 731 1032 quandoque
748 929 899 1006 incidere
910 927 1107 1006 ridebatur:
1133 933 1252 1027 Qrare
1271 936 1293 1002 'a
1312 954 1370 1003 me
1382 933 1455 1029 ejus
1477 959 1520 1007 os
1532 959 1602 1036 ape·

391 1031 542 1106 tiebatur
550 1083 562 1116 ,
581 1031 923 1106 contrectabant&
935 1055 1077 1110 manus,
1104 1035 1143 1102 δι
1155 1034 1284 1126 arteria
1294 1049 1412 1103 motus
1423 1033 1601 1133 penfitula·

393 1129 511 1206 batur:
531 1129 749 1230 inspiciebam
761 1133 844 1204 ittm
865 1130 1040 1233 linguam:
1061 1126 1231 1200 donabam
1253 1127 1431 1230 postremo
1450 1138 1600 1234 peronio

395 1232 486 1315 lam,
508 1233 600 1331 quod
614 1231 718 1332 vulgo
737 1229 889 1312 seratur,
913 1231 1048 1304 Lamias
1057 1231 1150 1302 virus
1170 1223 1266 1300 suum
1285 1228 1545 1332 ejacularipoll'c
1562 1235 1599 1304 in

397 1335 599 1431 cum‚aquo
612 1327 811 1403 beneficium
823 1327 947 1402 fuerint
960 1324 1182 1424 consequuta.

444 1447 463 1511 ς
492 1455 520 1526 5.
546 1436 712 1506 Catemm
721 1423 910 1528 hujusmodi
921 1424 1078 1528 responso
1097 1426 1325 1524 objeffionem
1337 1424 1595 1528 prioremscitil-

398 1527 479 1604 srme
488 1529 611 1612 diluit,
630 1535 650 1602 a
669 1527 882 1620 filiol'cilitet
899 1551 967 1598 nnn
983 1525 1126 1629 globum
1137 1546 1299 1608 terreum,
1310 1524 1368 1600 sed
1386 1533 1425 1602 in
1441 1555 1514 1604 eam
1534 1528 1594 1603 sor·

399 1651 489 1703 anam
499 1629 651 1702 involuta
661 1628 762 1699 lintea
783 1622 988 1700 matrisnilse
1004 1623 1238 1726 suppeditata,
1259 1627 1386 1724 quibus
1394 1631 1592 1703 exulceratas

398 1729 548 1828 graviter
559 1725 660 1798 tibias
678 1749 831 1808 curaret,
848 1722 969 1826 easque
987 1727 1074 1796 nribr
1090 1722 1238 1796 ostendit
1253 1746 1435 1827 tantopere
1449 1727 1592 1803 desctda·

398 1847 448 1896 tas
460 1823 656 1909 crudelitate
669 1843 914 1898 tormentorum
931 1823 1010 1897 alias
1022 1822 1220 1896 obeandem
1240 1819 1458 1925 suspicionem
1466 1833 1503 1898 in
1518 1851 1590 1897 car-

398 1922 537 1993 nificina
549 1922 795 2004 toleratorum,
815 1950 918 2022 quum
928 1924 1040 1996 oleum
1052 1926 1178 2023 quippe
1196 1921 1357 1997 fervidum
1364 1928 1396 1994 in
1408 1924 1525 2002 tibias,
1545 1942 1587 1994 nr

250 2031 278 2072 '·
397 2043 654 2120 extorqueretur
672 2017 947 2105 falsaconseffio,
969 2019 1215 2094 infunderetur.
1239 2027 1290 2095 En
1298 2016 1496 2096 accusationis
1513 2023 1585 2090 im-

397 2119 606 2220 pudentiam,
617 2146 682 2221 qua
692 2121 893 2196 calamitatis
903 2121 998 2221 hujus
1009 2119 1279 2195 extrtmzsaeies
1288 2119 1491 2196 deformatur.
1505 2121 1587 2190 llu-

391 2245 457 2392 lul,
457 2223 558 2391 cpiam
568 2247 675 2294 mater
684 2245 723 2294 ea
732 2225 863 2294 ratione
874 2225 961 2293 inter
970 2223 1107 2294 tortoris
1117 2245 1238 2322 manue
1248 2219 1505 2296 antaaiuteriiise
1514 2243 1589 2322 per·-

421 2341 589 2394 reatur.

348 2421 352 2430 '
447 2423 474 2510 §.
489 2425 520 2490 6.
547 2421 697 2494 Alteram
718 2442 869 2521 partem,
890 2417 1152 2518 quodnimirum
1170 2419 1423 2521 pollicitationis
1432 2418 1592 2492 recorda.

396 2543 627 2602 teturmattr,
645 2523 693 2592 ita
702 2520 888 2620 explicuit,
911 2520 1004 2618 quod
1013 2521 1092 2591 filiis
1103 2515 1169 2592 suis
1178 2526 1214 2594 in
1224 2515 1411 2593 affiduailla
1426 2517 1518 2620 uulgi
1535 2512 1592 2590 su·

241 2655 242 2659 ¹
397 2621 575 2722 gillatione
587 2616 803 2700 obmalelrcii
814 2617 956 2700 famam,
976 2617 1175 2700 addixisset,
1192 2615 1218 2689 sr
1234 2615 1327 2692 forte
1337 2620 1380 2693 ad
1396 2616 1589 2721 supplitium
1628 2673 1629 2682 κ

395 2743 573 2817 eapropter
592 2717 828 2818 abriperetur,
852 2715 884 2788 se
902 2721 1022 2790 mortis
1042 2713 1105 2788 sna
1123 2717 1300 2789 authorem
1320 2719 1366 2792 ad
1382 2715 1589 2820 aequrffimum

397 2819 523 2891 Chriltr
537 2817 662 2916 judicis
668 2816 746 2918 justi
757 2814 903 2888 tribunal
913 2836 1198 2914 provocaturatn,
1214 2814 1588 2892 uttriccfimodicaluo

396 2918 535 2986 interitu
545 2913 578 2987 se
587 2916 714 2990 ibidem
725 2912 865 2997 fisterer,
875 2911 1045 2988 sententia
1055 2913 1131 2987 latae
1142 2919 1310 2988 rationem
1324 2917 1515 2991 redditurus.
1552 2916 1593 2992 si
1628 2949 1629 2960 ¹

396 3010 1592 3116 itaqueeffestusconsequeretur,argumenmmforenonobsnnumin-
1628 3015 1629 3028 ¹

397 3113 747 3214 nocenti2‚filiosquc
757 3131 899 3186 matrem
907 3133 1003 3186 extra
1011 3111 1143 3211 culpam
1154 3110 1220 3184 effe
1230 3115 1592 3214 intellebburot‚quum

397 3207 581 3285 insontium
600 3237 716 3312 preces
734 3213 892 3287 exaudiat
911 3217 1009 3287 Deus
1017 3213 1155 3310 justitiae
1176 3211 1304 3286 vindex
1324 3223 1445 3290 unicus
1455 3267 1466 3300 ‚
1488 3211 1591 3314 qniad

398 3309 496 3384 fictas
506 3311 635 3408 alioqui
646 3315 816 3385 orationes
826 3307 1042 3384 obsurdescit.
1053 3308 1202 3384 Proinde
1213 3315 1592 3389 Comtslmeadmoni·

397 3427 474 3489 tus,
495 3417 531 3483 &
544 3411 665 3482 reatus
684 3412 720 3480 in
741 3409 1002 3482 eodelnsronum
1010 3409 1254 3483 diabolicarum
1275 3437 1403 3514 genere
1423 3415 1591 3497 institutus,

277 3521 364 3598 aar
399 3507 634 3606 pauperculam
645 3505 740 3580 caula
754 3513 846 3606 prius
856 3511 890 3584 ui
917 3505 1186 3584 ilanterdistnffa
1196 3507 1335 3583 dimisit
1375 3520 1589 3616 Necprern·

257 3613 353 3719 Ψ·
398 3609 581 3680 mittendus
600 3605 657 3678 hic
674 3609 743 3704 ejus
763 3609 849 3682 levir
858 3535 1021 3710 insignis,
1045 3610 1215 3689 Dominus
1228 3609 1436 3710 Adolpbns,
1461 3619 1589 3686 tumor
1627 3679 1629 3706 Ι

134 3765 140 3778 ,
256 3690 344 3798 1le.
398 3706 551 3788 Nullan,
569 3709 628 3806 qui
638 3703 889 3779 studiimultum
901 3705 1067 3808 impendit
1086 3707 1173 3806 apud
1193 3715 1310 3782 Darios
1322 3717 1359 3782 in
1376 3709 1478 3785 bello
1489 3723 1589 3785 'cmm
1628 3723 1629 3732 ’

398 3811 540 3881 Suecnm
551 3830 638 3878 anno
655 3811 805 3902 1564,ut
815 3804 857 3880 ab
872 3805 922 3878 his
935 3805 1104 3906 prestigiis
1117 3809 1258 3878 heroum
1268 3809 1390 3882 oculos
1404 3813 1591 3886 uindicaret

352 3981 357 3992 ,
446 3908 518 4000 §7.
542 3901 1593 4009 Pia&laudabilisomnibusse‘culissententia‚suumapudbns
1628 3903 1629 3908 ’

258 3977 370 4094 ξῖἷ”’”’
396 4009 565 4105 principes
588 4009 626 4077 &
639 3999 853 4108 amplillinros⁸
871 4006 962 4110 vitos
972 4003 1103 4105 pondus
1123 4003 1291 4113 telocum
1312 4006 1436 4084 habet:
1456 4003 1593 4085 Consul

1527 4123 1592 4176 tuo
